1900 2844
403 230 451 268 32
720 211 1526 254 DmnnnxA.Tnxarn-1;t.·

378 281 439 319 Vn
449 292 513 318 tus.
541 279 764 317 Calefaciens
781 308 791 324 ‚
827 276 1038 315 stomachica
1055 304 1065 320 ‚
1100 274 1293 312 Balsamiea
1312 303 1322 320 ,
1349 274 1566 312 Vulneraria.
1608 273 1713 314 Folia
1738 276 1839 314 Betle

428 343 509 366 cum
538 329 680 366 frustulo
709 328 846 364 frustus
874 326 1001 375 palmae
1030 324 1157 360 Arecae
1185 352 1196 368 ,
1233 324 1271 359 δε
1298 335 1422 372 parum
1448 325 1554 361 calcis
1580 326 1750 363 continue)
1776 338 1837 374 ge-

427 379 556 416 stantur
582 379 617 414 in
650 391 711 415 ore
726 405 737 422 ‚
764 376 802 413 ὃς
827 375 1048 411 masticantur
1080 372 1121 408 ab
1149 373 1274 408 incolis
1293 371 1471 420 utriusque
1490 373 1600 410 Indiae
1617 374 1812 411 Orientahs
1829 403 1838 419 ‚

428 440 505 464 tum
529 428 574 464 ad
601 426 852 475 corrigendum
881 435 1027 471 pravum
1056 420 1249 457 anhelitum
1270 448 1279 464 ,
1307 431 1381 456 tum
1413 421 1458 456 ad
1485 420 1702 459 stomachum
1737 423 1840 460 robo-

428 477 607 515 randum:
636 490 657 513 a
682 473 891 524 pauperibus
922 472 1031 508 etiam
1060 471 1106 507 ad
1132 468 1323 506 fallendam
1352 468 1496 505 famem.

381 579 445 626 Sp.
467 588 499 624 5·
527 575 667 612 PIPER
694 568 940 608 LONGUM.
967 586 988 604 m
1016 570 1076 607 cay
1101 554 1165 598 lbt:
1191 558 1252 598 Τέι
1274 554 1353 607 pluit.
1384 576 1402 605 s,
1430 569 1511 607 Ρῡρό.

378 626 506 661 Differ.
534 623 625 670 spec.
655 621 731 669 Pip.
749 618 868 667 foliis
895 618 1050 655 cordatis
1078 618 1256 668 petiolatis
1276 644 1286 660 ‚
1314 616 1563 665 seffilibusque.
1591 617 1673 654 Lin.
1692 618 1714 655 s
1735 647 1744 654 .
1765 619 1798 655 6.

377 672 483 716 Hab3
512 670 550 706 δε
576 680 681 707 notae.
718 669 848 705 Catulis
877 666 1064 704 fruticosus
1095 695 1105 713 ‚
1145 666 1269 703 cmffus
1288 694 1298 710 ,
1333 664 1577 701 ramofiffimus
1594 695 1603 710 ‚
1629 632 1804 717 adressens
1823 696 1834 712 ,

424 720 529 757 nodis
559 719 810 756 radicantibus.
837 717 942 754 Folia
959 717 1194 753 lato-cordata
1213 744 1224 760 ‚
1249 714 1314 750 bafi
1336 715 1462 763 aequali
1481 742 1490 757 ,
1519 716 1708 752 rotundat&
1726 743 1736 761 ,
1763 718 1839 765 api-

424 782 466 806 ce
483 768 680 805 acuminata
698 796 709 812 ,
737 780 760 813 7
777 788 793 793 -
810 767 929 802 nervia
949 793 959 810 ‚
986 765 1154 802 undulata
1173 794 1183 810 ‚
1210 765 1341 800 alterna
1362 791 1371 807 ‚
1399 764 1566 811 petiolata
1580 791 1590 808 ,
1616 765 1807 814 seffiliaque
1825 793 1837 810 ,

425 818 558 855 coloris
590 816 742 858 obscuro
758 838 775 842 -
791 816 929 852 viridis.
956 815 1040 851 Flos
1054 843 1064 859 ‚
1092 814 1128 850 δ(
1145 814 1301 862 fitadius
1318 813 1460 861 spadice
1478 811 1815 861 subulam-oblongo
1828 842 1838 857 ‚

424 867 528 916 apice
555 865 680 902 obtuso
700 894 711 910 ,
738 878 758 901 a
785 864 1060 901 fruetifieatione
1086 864 1186 899 Bette
1213 874 1336 912 parum
1366 859 1553 897 differente
1572 889 1582 905 ,
1609 861 1771 898 breviore
1787 872 1837 898 ta-

426 927 545 953 tamen
567 943 577 959 ,
604 914 642 949 &
673 915 834 950 craffiore
854 927 861 947 τ
884 912 1102 961 pedunculis
1130 910 1398 960 oppofitifoliis.
1440 910 1631 958 Stigmata
1662 910 1740 946 sunt
1759 938 1769 955 ,
1796 910 1838 946 fi-

424 976 486 1002 cut
515 965 551 999 in
578 965 690 1000 Bette.
718 963 883 999 Baeculae
917 962 1056 998 coalitae
1074 988 1085 1006 ‚
1113 960 1340 997 subrotundae
1358 986 1369 1003 ,
1401 970 1414 994 1
1435 979 1451 984 -
1468 957 1626 1007 spermae.
1666 959 1837 995 Stamina

427 1013 589 1051 similiter
616 1012 736 1048 videre
761 1024 831 1046 non
863 1011 976 1058 potui.

376 1063 482 1112 Piper
507 1062 674 1109 Longum
714 1058 875 1108 Rumph.
904 1058 1008 1095 Amb.
1040 1059 1063 1094 1.
1083 1071 1115 1108 9.
1140 1071 1170 1094 c.
1196 1070 1225 1094 1.
1244 1056 1312 1094 tab.
1336 1056 1414 1092 116.
1434 1056 1492 1104 fig.
1518 1067 1546 1092 1.
1576 1056 1648 1093 Ubi
1675 1056 1836 1104 fruetus,

426 1124 500 1147 non
527 1109 614 1146 folia
634 1138 644 1154 ‚
684 1122 765 1146 curn
794 1108 916 1144 nostris
945 1109 1174 1144 conveniunt.
1218 1107 1399 1154 Pimpilim
1429 1104 1493 1140 Pis.
1526 1105 1646 1141 Mant.
1682 1107 1740 1154 fig.
1760 1134 1770 1151 ,
1798 1107 1837 1143 &

425 1173 510 1209 pag.
534 1159 612 1208 183.
640 1158 751 1206 Qlod
777 1168 893 1194 autem
918 1157 1063 1193 Garcias
1093 1156 1135 1201 ab
1165 1156 1285 1192 Horto
1315 1155 1474 1200 (Arom.
1503 1153 1527 1189 l.
1561 1167 1589 1190 1.
1617 1167 1648 1190 c.
1666 1158 1754 1202 22.)
1781 1156 1838 1192 di·-

425 1211 521 1244 xerit
548 1209 651 1256 Piper
679 1207 834 1255 Nigrum
854 1234 864 1250 ,
889 1205 927 1241 &
957 1207 1124 1253 Longum
1151 1205 1216 1241 effe
1246 1206 1380 1253 plantas
1407 1203 1556 1239 omnino
1573 1203 1727 1240 diversas
1745 1231 1756 1248 ,
1785 1205 1837 1241 in-

424 1257 544 1304 telligi
571 1256 673 1292 debet
704 1257 810 1305 praeci
840 1256 883 1291 ue
909 1255 952 1291 de
978 1254 1094 1290 fructu
1125 1268 1132 1289 :
1174 1255 1271 1302 cujus
1302 1254 1406 1300 spicae
1435 1251 1545 1299 Nigri
1569 1280 1578 1296 ‚
1615 1251 1652 1288 δε
1679 1251 1837 1301 spadices

425 1305 547 1353 Longi
573 1305 771 1341 nullatenus
802 1269 930 1340 {iiniles
960 1304 1076 1341 videri
1106 1303 1254 1352 possunt.
1283 1302 1459 1351 Adeoque
1488 1302 1607 1337 omitti
1625 1312 1765 1350 poterat
1782 1302 1837 1338 Pi-

426 1353 522 1389 sonis
551 1354 722 1389 censura:
752 1354 833 1389 loco
864 1353 965 1400 supra
996 1354 1115 1388 citato.

376 1399 528 1444 Virtus:
555 1400 780 1437 calefaciens
796 1428 805 1444 ,
833 1402 1024 1437 Stimulans
1045 1427 1054 1443 ‚
1082 1400 1316 1435 Deobstruens
1336 1427 1345 1443 ‚
1373 1399 1562 1434 Antacida.
1589 1399 1723 1447 Piperis
1739 1398 1837 1436 Lon-

427 1453 466 1498 gi
496 1449 613 1486 fruc‘ku
633 1478 642 1494 ‚
669 1450 707 1485 δε
735 1448 834 1486 foliis
860 1449 1052 1485 recentibus
1086 1459 1231 1484 utuntur
1260 1449 1365 1484 etiam
1396 1447 1573 1496 indignae,
1594 1449 1639 1483 ad
1668 1448 1836 1485 eondien—

425 1501 493 1535 dos
522 1499 645 1546 pisces.
674 1499 760 1545 Ejus
788 1499 880 1533 odor
899 1525 907 1540 ,
934 1497 971 1532 ὃ(
999 1498 1101 1545 sapor
1135 1497 1294 1533 fimiliter
1318 1497 1441 1532 tii-dens
1462 1524 1470 1537 ‚
1508 1496 1568 1532 sed
1595 1496 1712 1546 Nigro
1742 1496 1835 1533 infe-

426 1549 525 1592 rior,
553 1546 590 1583 &
619 1547 737 1583 multis
762 1558 831 1581 non
861 1546 988 1594 piacet.

990 1617 1221 1665 Obftrz'atio.

375 1694 500 1732 Celeb.
526 1694 607 1730 Lin.
622 1693 680 1749 sy.
702 1692 750 1742 pl.
771 1701 861 1742 part.
886 1705 914 1749 Ι..
935 1703 1017 1740 pag.
1038 1691 1095 1738 78.
1114 1690 1284 1739 fimulque
1303 1691 1351 1740 sy.
1371 1692 1496 1741 Veget.
1517 1705 1598 1742 pag.
1618 1692 1675 1729 68.
1693 1695 1832 1741 optimo

421 1744 502 1792 jure
529 1745 677 1792 requlrit
709 1771 718 1787 ‚
756 1753 794 1779 ut
819 1742 951 1791 species
983 1742 1115 1789 Piperis
1145 1742 1180 1776 in
1209 1739 1284 1776 solo
1317 1742 1423 1778 natali
1452 1743 1601 1790 amplius
1631 1743 1833 1778 examinen-

427 1803 484 1828 tur
502 1820 512 1837 ‚
538 1793 769 1841 videaturque
789 1819 797 1834 ‚
825 1804 868 1826 an
896 1790 1058 1826 differant
1086 1802 1105 1825 a
1124 1788 1267 1838 reliquis
1286 1790 1322 1825 in
1343 1791 1500 1838 partibus
1519 1789 1832 1827 frustificationis?

377 1841 475 1877 Clas.
501 1840 640 1877 Forster
668 1841 702 1875 in
732 1841 859 1877 itinere
889 1840 933 1876 ad
966 1838 1093 1875 insulas
1123 1838 1281 1874 Oceeani
1307 1839 1475 1876 Australis
1504 1839 1572 1875 h‘oc
1603 1852 1748 1876 examen
1763 1839 1833 1876 sus-

425 1890 523 1939 cepit
554 1917 564 1933 ,
599 1888 786 1937 asseritque
822 1891 857 1925 in
887 1889 1006 1924 multis
1037 1887 1213 1936 speciebus
1240 1887 1406 1924 invenisse
1434 1901 1617 1924 numerum
1647 1889 1833 1925 staminum

427 1940 737 1975 indeterminatum
760 1952 767 1972 :
794 1937 995 1985 stigmatum
1025 1949 1109 1972 vero
1139 1948 1320 1972 numerum
1340 1964 1350 1980 ,
1377 1937 1414 1972 &
1444 1937 1595 1974 formam
1614 1938 1649 1972 in
1667 1939 1831 1974 omnibus

426 1986 502 2023 feJe
517 1986 693 2037 speciebus
712 1986 945 2023 differentem.
973 1986 1056 2033 Ego
1074 2014 1084 2030 ,
1113 1986 1175 2035 qui
1206 1998 1316 2033 pauca
1341 1988 1569 2030 examinavi,
1597 1986 1833 2024 differentiam

427 2035 628 2085 stigmatum
657 2035 816 2071 similiter
832 2037 1026 2072 variantem
1044 2035 1166 2071 notavi
1185 2062 1195 2079 ,
1223 2035 1282 2071 sed
1310 2048 1494 2071 anumero
1519 2046 1617 2072 terno
1639 2048 1707 2072 non
1725 2037 1833 2085 longe

428 2086 662 2122 aberrantem.
690 2085 849 2120 Stamina
878 2086 1022 2134 quidem
1052 2084 1135 2119 bina
1154 2084 1273 2119 inveni
1294 2084 1328 2119 in
1346 2084 1522 2132 speciebus
1544 2113 1553 2129 ,
1581 2098 1659 2133 quae
1677 2086 1831 2134 gaudent

427 2133 545 2170 frustu
571 2133 746 2170 discreto:
776 2133 822 2169 ast
850 2135 884 2169 in
916 2135 986 2170 illis
1006 2161 1016 2177 ‚
1070 2145 1189 2169 uarum
1215 2131 1442 2169 fruetificario
1459 2133 1504 2170 est
1521 2145 1683 2172 concreta
1702 2163 1713 2179 ‚
1738 2134 1831 2170 &in

424 2183 599 2219 murinam
628 2183 735 2219 veluti
766 2184 914 2219 caudam
939 2193 1040 2219 exten
1060 2195 1079 2218 a
1099 2211 1109 2227 ‚
1135 2194 1353 2231 quarumque
1386 2184 1557 2219 maiorem
1587 2195 1769 2220 numerum
1788 2195 1830 2219 ex

424 2229 603 2268 Plumicro
627 2233 806 2268 recensent
831 2232 994 2269 Linnaeus
1011 2259 1021 2276 ,
1049 2231 1086 2267 &
1101 2231 1271 2268 Aubletus
1290 2259 1301 2276 ,
1328 2233 1434 2267 etiam
1462 2233 1574 2269 oculis
1591 2231 1829 2281 microscopio

428 2282 571 2317 armatis
590 2281 733 2318 stamina
752 2293 930 2317 numerare
951 2294 1021 2317 non
1040 2282 1140 2330 potui
1159 2295 1169 2327 3
1195 2280 1232 2316 δε
1249 2294 1291 2316 an
1309 2281 1436 2329 aliquis
1455 2293 1607 2331 unquam
1625 2293 1829 2317 numerave-

429 2330 474 2365 rit
492 2357 504 2375 ,
532 2329 655 2367 dubito
671 2345 677 2365 :
706 2330 790 2367 ficut
808 2331 914 2367 etiam
929 2344 970 2368 an
990 2329 1118 2368 ssmiles
1134 2331 1264 2380 plantae
1277 2328 1342 2367 smt
1359 2343 1451 2369 verae
1468 2331 1599 2380 speeies
1617 2330 1788 2416 1)ηέᾗίᾸέ
