2095 2963
502 888 545 925 In
571 896 672 937 opere
702 915 713 933 ,
739 887 862 933 stcubi
887 901 911 925 a
928 886 1127 936 fintentid
1154 886 1327 926 Veterum
1356 887 1559 937 receffirim
1587 918 1597 934 ,
1635 889 1877 938 intelligatur

411 936 471 973 hoc
489 936 638 986 fabium
663 937 781 974 animo
801 938 1019 988 proficiendi
1049 939 1088 974 in
1115 938 1246 975 melius
1264 968 1273 985 ‚
1301 951 1367 975 non
1393 938 1593 975 innovandi
1620 968 1627 976 .
1658 966 1666 974 .
1695 967 1703 976 .
1740 941 1878 978 Decre-

411 995 488 1023 tum
522 987 617 1023 mihi
645 987 786 1037 fuiffet
820 988 978 1025 aliorum
1016 989 1183 1025 inventis
1210 1017 1220 1034 ,
1258 996 1435 1037 quantum
1469 989 1508 1023 in
1535 1001 1588 1024 me
1607 988 1738 1037 fuerit
1767 1018 1777 1035 ,
1814 991 1879 1027 ad-

410 1036 494 1072 dere
511 1065 522 1082 ,
549 1050 627 1073 cum
655 1046 776 1075 tamen
806 1051 872 1075 non
902 1040 1024 1076 minus
1051 1039 1257 1088 optaverim
1283 1039 1398 1074 etiam
1418 1038 1583 1075 ,inventa
1610 1051 1687 1074 mea
1720 1039 1765 1075 ab
1785 1041 1877 1077 aliis

411 1086 451 1172 {n
478 1086 659 1135 posterum
679 1089 874 1138 superari.
900 1090 984 1128 Bac.
1016 1089 1059 1126 de
1087 1089 1209 1126 Verul.
1245 1089 1290 1126 de
1318 1090 1461 1138 Dignit.
1483 1088 1557 1135 ‚,&
1590 1088 1727 1139 Augm.
1748 1090 1880 1129 Scient.

428 1162 436 1171 0
461 1148 496 1185 9.
523 1149 641 1188 prope
665 1138 783 1176 finem.

504 1530 788 1582 Intelligendum
816 1531 865 1578 est
892 1544 1012 1569 eorum
1030 1532 1185 1569 omnium
1204 1561 1214 1577 ,
1241 1544 1322 1581 quae
1341 1532 1584 1569 inveniuntur
1602 1561 1613 1578 ,
1641 1532 1771 1582 aliqua
1789 1535 1858 1583 effi
1869 1566 1882 1584 ,

411 1588 493 1630 quae
511 1582 599 1630 jam
626 1582 672 1619 ab
699 1582 794 1619 aliis
819 1583 950 1633 aliqud
975 1596 1022 1620 ex
1040 1593 1155 1634 parte
1180 1582 1432 1632 comprehensa
1459 1611 1468 1620 .
1497 1611 1504 1620 .
1535 1611 1542 1619 .
1571 1583 1716 1633 longius
1728 1594 1882 1635 progre-

414 1630 572 1667 diuntur
589 1661 599 1677 ,
626 1644 862 1682 magnumque
888 1635 1149 1672 incrementum
1180 1634 1344 1681 capiunt.
1373 1634 1466 1671 Alia
1482 1642 1605 1669 autem
1630 1646 1653 1670 a
1665 1635 1792 1683 prima
1810 1636 1886 1672 ori-

408 1681 497 1730 gine
530 1682 682 1719 inventa
709 1696 775 1719 non
799 1685 859 1719 ita
884 1685 1038 1721 multum
1066 1699 1089 1721 a
1111 1684 1298 1735 principio
1318 1683 1643 1734 progrediuntur:
1659 1684 1734 1732 sed
1760 1694 1883 1723 tamen

411 1731 527 1767 multo
548 1732 638 1781 plus
663 1734 859 1771 utilitatis
882 1734 1016 1772 habent
1043 1736 1112 1772 illa
1139 1734 1257 1772 initia
1275 1763 1285 1779 ,
1313 1747 1421 1783 quam
1457 1735 1604 1784 reliqua
1633 1735 1770 1782 omnis,
1799 1746 1881 1787 quae

411 1792 460 1817 ex
484 1780 547 1818 his
569 1782 825 1832 proficiscitur
852 1785 1004 1836 acceffio.
1031 1786 1140 1825 Arist.
1171 1786 1215 1824 de
1243 1785 1401 1835 Repreh.
1430 1785 1582 1834 Sophist.
1613 1784 1638 1822 l.
1660 1797 1693 1821 2.
1712 1798 1744 1822 c.
1764 1786 1808 1835 ὃν
