2095 2963
1528 258 1568 284 IX

264 301 660 360 cANDIDO,
703 302 796 345 AC
839 303 969 345 REI
1014 304 1431 349 HERBARIAE

411 397 850 450 STUDIOSO
884 396 1284 451 LECTORI.

115 556 447 678 REGNUM
475 553 736 590 Cochinchinae
762 581 772 597 ‚
809 553 907 601 quod
936 566 1016 591 ante
1051 555 1122 592 duo
1150 555 1275 593 saecula
1303 557 1470 595 Tunkini
1506 571 1586 608 pars

263 604 403 647 fuerat,
432 605 561 651 incipit
590 604 684 639 circa
714 602 894 638 decimum
925 603 1090 640 octavum
1114 607 1263 654 gradum
1292 608 1490 645 latitudinis
1519 609 1589 644 Βο-

262 653 393 689 realis:
424 652 580 700 indeque
599 679 609 696 ‚
638 651 821 700 occupatis
853 663 965 699 regno
999 652 1211 702 Champava
1228 683 1237 699 ‚
1264 655 1302 691 ὃς
1338 668 1438 704 parte
1456 658 1589 693 Orien-

116 706 179 744 tali
206 701 418 742 Cambodiae
435 729 446 745 ‚
474 701 544 737 late
574 701 618 737 ad
647 700 812 736 Austrum
846 701 1048 738 extenditur
1077 715 1140 750 per
1166 705 1297 750 gradus
1318 706 1504 756 plusquam
1524 719 1590 743 no-

116 768 199 793 vem
228 754 338 801 usque
367 752 403 786 in
429 750 542 788 finum
571 749 802 787 Siamensem.

242 802 414 849 Triginta
447 801 504 837 sex
538 801 639 837 annis
659 828 669 845 ,
696 800 825 850 quibus
850 800 888 835 in
918 812 962 836 eo
990 811 1236 838 commoratus
1268 801 1340 839 sum
1372 831 1382 848 ,
1420 803 1471 839 sat
1500 813 1590 839 tem-

117 855 218 903 poris
246 851 350 889 habui
379 851 425 886 ad
450 850 700 899 perscrutanda
718 849 867 886 Naturae
895 862 1021 886 arcana
1047 852 1206 899 regionis
1227 853 1418 900 peculiaria
1441 867 1448 887 τ
1477 865 1588 901 quan-

119 904 250 941 tumvis
278 914 349 938 non
382 900 463 936 satis
492 900 557 936 otii
593 928 604 945 ,
642 900 696 936 vel
729 899 919 948 cujuslibet
951 901 1148 949 adjumenti
1175 915 1186 947 3
1223 914 1303 939 cum
1332 902 1406 939 sola
1435 903 1590 951 diligen·

119 954 172 989 tia
190 980 201 997 ‚
227 952 265 988 ὃς
298 949 466 987 industria
495 948 583 985 mihi
602 948 754 986 subfidio
772 949 916 986 fuerint.
945 949 1034 986 Illuc
1055 952 1176 1000 primo
1195 951 1494 989 transmeaveram
1515 965 1594 988 eum

120 1002 156 1038 in
184 1003 290 1038 finem
309 1029 320 1046 ‚
358 1010 396 1036 ut
421 999 661 1048 Evangelicus
689 999 807 1036 Praeco
839 1012 1067 1036 communem
1099 1002 1262 1037 omnium
1289 1002 1495 1039 Creatorem
1516 1029 1526 1046 ‚
1553 1000 1590 1036 &

118 1051 340 1088 salvatorem
365 1049 485 1093 Jesum
515 1048 691 1085 Christum
728 1049 798 1085 illis
829 1050 994 1098 gentibus
1011 1051 1269 1087 annuntiarem.
1298 1052 1359 1088 Ast
1379 1080 1389 1097 ‚
1418 1064 1497 1088 cum
1515 1050 1593 1087 eth-

120 1103 200 1138 nica
228 1099 425 1149 superstitio
455 1099 606 1135 nimium
640 1097 812 1135 obsisteret
830 1127 842 1144 ‚
867 1098 905 1134 &
933 1101 1034 1148 regni
1065 1100 1162 1148 leges
1188 1111 1350 1138 vetarent
1369 1130 1379 1146 ,
1408 1113 1451 1137 ne
1480 1100 1592 1137 homo

119 1150 316 1200 Europaeus
346 1148 394 1185 ibi
424 1148 553 1196 pedem
585 1149 708 1197 figeret
739 1177 749 1193 ‚
785 1160 874 1198 opus
902 1148 994 1184 mihi
1024 1149 1189 1199 profecto
1215 1149 1284 1188 fuit
1309 1179 1320 1195 ‚
1358 1161 1396 1188 ut
1426 1149 1593 1187 manendi
1619 1148 1624 1151 ⁷

119 1198 326 1237 facultatem
354 1198 552 1235 obtinerem
580 1226 591 1244 ‚
629 1198 793 1234 omnibus
825 1198 1025 1236 Prudentiae
1058 1199 1189 1237 viribus
1219 1227 1231 1244 ,
1273 1199 1492 1236 Constantiae
1515 1225 1526 1242 ,
1554 1196 1593 1233 &

118 1248 315 1286 Charitatis
345 1248 575 1285 contendere.

261 1299 463 1335 Prudentiae
498 1299 644 1348 quidem
664 1327 674 1344 ‚
704 1311 747 1335 ne
777 1298 890 1334 nimio
924 1299 1005 1336 zelo
1032 1310 1215 1349 correptus
1246 1300 1388 1337 viderer
1416 1298 1591 1346 Principis

122 1348 220 1396 leges
252 1350 370 1396 palam
398 1348 579 1396 despicere
608 1363 618 1393 3
656 1347 867 1396 infimulque
888 1376 898 1392 ,
924 1359 962 1385 ut
989 1362 1109 1385 earum
1141 1348 1368 1386 scientiarum
1395 1348 1455 1385 usu
1475 1376 1486 1392 ‚
1515 1359 1594 1395 quae

123 1396 178 1433 illi
215 1398 331 1445 magis
369 1397 509 1445 placere
550 1407 716 1444 poterant
748 1424 758 1440 ‚
798 1398 992 1432 firmiorem
1035 1396 1140 1443 ipfius
1176 1399 1327 1443 gratiam
1366 1398 1591 1432 demererer:

124 1445 342 1482 Constantiae
360 1473 371 1490 ‚
398 1456 436 1481 ut
467 1444 609 1482 adversa
639 1445 804 1491 quaelibet
823 1470 833 1486 ‚
861 1456 940 1490 quae
967 1444 1074 1478 etiam
1102 1445 1137 1478 in
1158 1446 1307 1491 genitali
1337 1444 1412 1481 solo
1428 1443 1522 1479 haud
1542 1456 1596 1478 ra-

123 1495 166 1530 τὸ
197 1494 388 1531 obveniunt
407 1520 416 1537 ‚
445 1494 481 1528 in
512 1493 629 1528 alieno
661 1492 806 1528 fortiter
837 1491 1013 1526 sufferrem
1046 1505 1052 1525 z
1097 1491 1294 1528 Charitatis
1314 1520 1323 1536 ,
1358 1504 1397 1528 ut
1430 1492 1595 1527 omnibus

124 1544 243 1577 omnia
264 1541 428 1589 fabius,
469 1543 615 1589 privato
648 1540 842 1575 commodo
875 1567 885 1583 ‚
922 1540 1067 1576 lucrove
1099 1540 1297 1587 posthabito
1333 1569 1342 1585 ‚
1378 1541 1505 1577 alienis
1534 1553 1595 1576 ne·-

123 1591 331 1628 ceffitatibus
368 1590 623 1634 subvenirem3
651 1589 760 1637 idque
790 1589 967 1636 praecipue
991 1601 1061 1637 ope
1079 1591 1162 1626 artis
1179 1590 1340 1627 Medicae
1358 1618 1368 1634 ‚
1397 1590 1489 1639 quai,
1512 1589 1596 1638 jux-

123 1651 160 1677 ta
188 1642 423 1677 Dominicum
451 1651 669 1689 praeceptum
699 1645 828 1674 curate
852 1637 1016 1682 infirmos
1035 1666 1045 1683 ‚
1072 1639 1138 1687 qui
1166 1640 1206 1674 in
1225 1638 1295 1676 illd
1311 1639 1432 1687 sunt,
1460 1651 1596 1687 oppor-

124 1692 266 1727 tuniora
301 1689 492 1740 pharmaca
523 1689 690 1724 omnibus
721 1716 731 1733 ,
775 1698 845 1723 tam
876 1687 1035 1724 fidelibus
1055 1716 1065 1733 ‚
1094 1701 1199 1737 quam
1228 1688 1431 1726 infidelibus
1465 1687 1595 1735 depos-

125 1739 286 1777 centibus
316 1739 480 1784 lolicite,
508 1738 544 1774 &
577 1740 686 1786 gratis
714 1738 861 1788 quidem
891 1737 1155 1774 distribuebam.
1183 1739 1308 1786 Itaque
1328 1766 1338 1783 ‚
1366 1739 1448 1774 Deo
1467 1736 1596 1774 faven—

126 1799 162 1826 te
179 1816 191 1834 ‚
217 1788 255 1824 &
290 1790 458 1837 populari
485 1788 568 1824 aura
593 1789 707 1824 lenius
733 1787 875 1824 afflante
902 1815 913 1829 ‚
954 1800 1024 1823 non
1061 1787 1253 1825 difficulter
1280 1788 1401 1825 evenit
1421 1815 1430 1831 ,
1458 1797 1497 1823 ut
1532 1798 1595 1834 per

124 1838 268 1887 Regem
302 1838 391 1874 mihi
417 1840 542 1875 liceret
569 1838 617 1874 ibi
644 1839 775 1874 morari
807 1851 814 1872 :
853 1837 939 1887 quin
968 1838 1073 1873 etiam
1102 1840 1139 1875 in
1166 1838 1240 1886 ejus
1274 1837 1353 1876 aulai
1381 1836 1481 1873 rebus
1509 1835 1596 1871 Ma-

127 1886 327 1924 thematicis
345 1915 356 1933 ,
381 1887 418 1924 &
448 1887 602 1936 Physicis
633 1885 843 1924 Praefectum
874 1899 931 1923 me
960 1887 1150 1924 constituit.
1178 1888 1311 1923 Verum
1347 1899 1416 1923 non
1443 1898 1486 1921 eo
1515 1884 1594 1933 ipso

126 1936 356 1986 Evangelicae
382 1938 560 1975 doctrinae
585 1936 857 1987 promulganda:
881 1936 1078 1973 libertatem
1110 1937 1197 1974 fecit
1230 1951 1236 1971 τ
1280 1934 1514 1973 dissimulabat
1543 1944 1594 1970 ta-

124 1997 208 2022 men
236 1988 436 2025 dummodo
462 2000 515 2023 res
541 1987 641 2023 caute
660 2015 670 2031 ‚
698 1987 735 2022 &
765 1987 904 2023 occulte
926 1998 1101 2035 ageretur.

252 2037 376 2074 Rebus
392 2038 440 2073 ita
457 2035 635 2084 dispositis
649 2064 658 2080 ‚
689 2037 905 2072 affluentium
928 2037 1156 2074 multitudine
1175 2049 1264 2086 pene
1280 2035 1450 2073 obruebar
1466 2062 1475 2079 ‚
1504 2045 1595 2082 quo-

126 2097 206 2122 rum
238 2087 341 2123 multi
367 2085 567 2123 Catholicae
595 2086 801 2133 Religionis
831 2085 1001 2134 mysteriis
1018 2114 1028 2130 ,
1053 2099 1093 2123 ac
1123 2088 1310 2135 praeceptis
1340 2085 1457 2122 instrui
1477 2082 1595 2132 postu-

127 2133 246 2171 labant
270 2163 281 2179 ,
317 2137 478 2185 plerique
508 2148 579 2171 non
608 2133 670 2170 nist
697 2137 858 2183 corporis
886 2135 1143 2172 medicamenta
1173 2135 1423 2184 exposcebant.
1460 2133 1514 2169 Ea
1543 2142 1596 2166 ta-

127 2195 210 2220 men
241 2183 386 2221 diversis
408 2184 543 2222 morbis
577 2184 741 2221 curandis
774 2184 961 2221 necessaria
989 2198 1054 2222 nec
1088 2198 1130 2222 ex
1156 2186 1303 2234 Europa
1335 2185 1465 2220 habere
1494 2192 1597 2228 pote-

128 2244 204 2268 ram
224 2261 235 2278 ‚
261 2245 327 2269 nec
347 2262 358 2280 ,
386 2235 408 2271 si
439 2233 630 2272 habuissem
652 2262 661 2279 ‚
687 2231 768 2270 satis
797 2232 913 2270 forem
940 2234 985 2270 ad
1013 2235 1235 2272 solvendum.
1274 2236 1508 2282 Quapropter
1537 2241 1598 2265 co-

129 2282 242 2330 gitare
275 2295 317 2318 ex
349 2284 432 2321 hinc
463 2285 552 2334 caepi
582 2313 592 2329 ‚
631 2295 782 2332 quanam
808 2285 944 2320 ratione
975 2286 1160 2322 materiam
1187 2284 1375 2320 Medicam
1397 2310 1408 2327 ,
1435 2279 1595 2317 Cochin-

131 2331 246 2371 chinae
276 2332 483 2383 indigenam
513 2361 523 2378 ‚
561 2334 597 2370 δε
630 2333 677 2369 ibi
707 2345 778 2368 non
808 2345 938 2381 magno
967 2334 1165 2382 parabilem
1192 2334 1379 2381 Europaeae
1408 2327 1593 2381 pretiosio-

128 2381 161 2416 ri
190 2383 462 2422 substituerem?
500 2383 653 2434 Hocque
683 2383 823 2422 initium
843 2408 855 2428 ‚
881 2382 918 2418 &
947 2385 1047 2421 causa
1075 2383 1145 2421 fuit
1174 2383 1320 2424 conatus
1349 2382 1421 2417 mei
1450 2380 1485 2414 in
1516 2377 1593 2413 Scr-

131 2433 225 2472 entia
251 2435 432 2475 Barantea.

911 2478 959 2504 *ae
1502 2475 1579 2513 De-
