2095 2963
1476 372 1530 397 V11

226 416 380 485 Itaque
408 417 537 466 maffi
567 418 717 466 animo
735 419 905 479 estote,
937 418 1310 472 SociiClariffitni
1332 459 1345 483 ,
1379 438 1427 472 ut
1444 443 1558 491 opus

88 483 410 535 Academicum
439 486 670 554 perficiatis
688 525 701 546 ,
734 488 855 554 quod
885 503 974 537 tam
1002 488 1149 538 solidis
1178 493 1394 540 columnis
1414 492 1565 542 sufful-

88 568 181 602 tum
212 556 470 623 conspicitis
526 556 678 604 Seduli
705 572 973 622 promovete
1010 595 1024 617 ‚
1069 558 1205 626 usque
1234 561 1340 610 dum
1372 564 1567 612 numeris

89 625 292 672 omnibus
338 625 583 672 absolutum
621 623 838 672 deveniat.
889 624 1136 675 Materiam
1164 627 1309 678 Vobis
1337 631 1567 681 adstruen-

87 692 201 740 tibus
231 692 406 741 abunde
443 692 779 759 suppeditabunt
809 710 904 741 non
933 693 1119 760 Europa
1151 696 1466 760 solummodo,
1497 701 1573 750 sed

87 760 193 810 Afia
225 761 311 828 ipsa
341 799 355 821 ‚
403 760 478 810 sed
508 760 662 809 Africa
691 778 874 828 quoque
908 799 922 822 ‚
971 764 1021 811 &
1050 762 1264 814 America
1280 805 1296 828 ,
1336 765 1482 815 Vobis
1511 787 1568 817 eo

87 831 219 897 pluris
247 830 495 879 habendam
514 868 527 890 ,
560 831 681 896 quod
712 831 974 898 plerumque
1006 832 1050 879 in
1065 834 1245 901 proprio
1262 871 1278 895 ,
1309 834 1384 884 etsi
1417 854 1567 888 remo-

87 898 247 948 tissimo
274 899 368 948 solo
400 900 623 949 inventam
641 936 654 959 ‚
687 915 819 966 atque
849 899 1095 951 collestam.
1355 914 1357 916 ’

224 967 341 1036 Opis
369 987 482 1018 meae
512 987 603 1017 non
635 969 716 1017 erit
744 969 913 1036 lapides
930 1006 944 1030 ‚
980 970 1156 1019 metalla
1173 1008 1187 1032 ,
1231 972 1280 1022 &
1306 973 1372 1022 his
1400 975 1569 1042 pretio-

86 1035 197 1085 fiora
224 1052 355 1086 tantae
384 1038 491 1087 moli
520 1038 745 1103 erigenda:
764 1038 994 1088 conferre:
1028 1039 1144 1089 iners
1164 1055 1342 1103 tamen,
1375 1045 1423 1093 &
1442 1063 1569 1111 pror-

87 1108 154 1155 sus
196 1106 359 1155 inutilis
403 1106 541 1155 socius
588 1125 679 1156 non
725 1125 819 1156 ero.
872 1106 940 1156 Ex
981 1127 1085 1157 meo
1128 1111 1422 1179 qualicunque
1448 1132 1568 1181 penu
1617 1145 1623 1148 -

86 1177 233 1227 Vobis
267 1175 409 1224 offero
436 1176 613 1225 Floram
645 1176 775 1225 istam
800 1176 1253 1228 Cochinchinensem.
1295 1179 1347 1228 In
1376 1181 1469 1247 ejus
1486 1202 1567 1250 pe-

86 1245 326 1297 netralibus
369 1246 599 1295 invenietis
631 1246 753 1311 ligna
780 1246 834 1294 ad
866 1247 1212 1296 construendum
1245 1264 1345 1316 apta
1376 1287 1391 1311 ,
1439 1252 1568 1301 colo-

88 1337 155 1367 res
186 1315 242 1364 ad
257 1315 500 1365 ornandum
518 1315 722 1381 pulchros
742 1352 755 1374 ,
785 1333 1009 1364 annonam
1028 1353 1042 1376 ,
1073 1335 1124 1365 ac
1151 1318 1388 1383 pharmaca
1406 1321 1565 1389 copio-

89 1390 132 1439 sa
151 1426 164 1448 ,
197 1387 244 1434 &
272 1383 534 1441 necessaria,
568 1397 614 1430 ut
648 1383 940 1431 laborantium
970 1385 1082 1432 vires
1114 1402 1368 1450 reparentur
1387 1424 1402 1447 ,
1436 1391 1564 1454 operi

90 1453 437 1508 consummando
475 1451 682 1518 impensae
709 1487 723 1510 ‚
770 1451 818 1498 &
860 1451 907 1498 in
950 1469 1191 1501 commune
1224 1453 1393 1503 bonum
1425 1456 1563 1507 desti-

89 1541 213 1576 natae.

226 1590 436 1643 Vestrum
492 1588 572 1638 erit
627 1587 819 1635 muneris
877 1587 1122 1638 exilitatem
1181 1607 1272 1639 non
1312 1592 1556 1659 dedignari.

89 1666 254 1717 Meum
290 1660 435 1710 Vobis
464 1655 668 1707 omnibus
702 1674 874 1705 morem
905 1676 1091 1724 gerere,
1127 1659 1176 1708 &
1206 1661 1386 1727 quidem
1412 1663 1562 1713 animo

90 1733 368 1804 perlubenti3
398 1726 579 1778 honoris
609 1725 727 1776 enirn
756 1727 991 1795 permagni
1020 1727 1131 1776 mihi
1150 1727 1242 1791 est,
1273 1731 1395 1798 quod
1411 1732 1562 1795 dicar,

91 1806 141 1855 &
170 1802 382 1872 agnoscar

90 1960 267 2014 Dabam
296 1954 562 2025 Ulyffipone
695 2019 703 2027 ⁶

91 2031 231 2102 pridie
260 2024 484 2079 Kalendas
511 2018 726 2071 Ostobns
760 2037 828 2069 an.
869 2020 1015 2084 1788.

735 2311 859 2350 Vester
877 2340 888 2359 ,
920 2316 1084 2363 quamvis
1107 2317 1276 2360 minimus
1296 2345 1306 2363 ‚
1335 2317 1464 2354 Socius

922 2394 1088 2445 Joannes
1118 2399 1161 2435 de
1192 2400 1385 2437 Laureiro.
