2095 2963
1538 269 1589 293 xv

134 331 188 359 ter
203 319 337 358 tradidi
355 321 539 358 Botanicae
562 320 717 357 studiosis
737 320 909 358 videndas
929 348 939 366 ,
974 332 1036 356 nec
1055 318 1206 368 amplius
1227 319 1344 368 recepi
1363 335 1369 355 :
1400 333 1439 356 ae
1454 349 1464 364 ,
1485 321 1609 355 etiam-

135 371 158 413 sl
179 370 406 418 recepissem,
439 384 511 407 non
533 370 591 406 hic
611 371 716 408 facile
745 372 990 407 invenirentur
1016 370 1168 406 artifices
1188 397 1198 413 ,
1226 371 1287 417 qui
1314 382 1370 406 eas
1397 369 1516 405 debitia
1535 368 1609 405 for-

134 422 190 457 ma
210 450 219 465 ‚
247 421 284 456 δὲ
313 419 491 469 elegantia
525 423 774 467 exprimerent.
805 420 880 457 Illis
913 431 1029 456 autem
1059 418 1304 455 deficientibus
1335 448 1345 463 ‚
1384 419 1490 455 liceat
1519 418 1609 454 mihi

133 470 231 507 effari
262 483 340 506 cum
374 470 497 506 Celeb.
527 470 678 506 Linnaeo
707 473 721 515 ζ
742 471 834 505 Gen.
855 471 902 518 pl.
924 481 1005 518 pag.
1026 469 1104 515 X.)
1137 467 1271 505 Verbis
1289 468 1520 504 tentabimus
1538 480 1608 503 om-

134 532 198 555 nes
229 520 434 568 exprimere
468 528 576 555 notas
605 531 703 567 aeque
733 520 832 554 clare
863 547 872 562 ,
904 518 944 563 st
974 531 1038 554 non
1067 518 1210 553 clarius
1229 546 1238 562 ‚
1266 531 1308 553 ac
1339 519 1414 554 alii
1435 516 1607 567 splendi-

134 569 288 617 dtsfflmis
307 570 396 616 fitis
423 568 599 603 icon-ihus.
627 568 724 604 Nam
756 579 861 615 prout
893 569 951 604 Cl.
983 567 1173 616 Scopolius
1205 567 1291 604 bene
1325 569 1480 604 advertit
1514 568 1609 614 <In-

134 620 229 657 trod.
252 619 384 654 Histor.
409 617 537 652 Natus.
567 629 648 665 pag.
670 618 702 652 6.
724 618 739 662 >
766 618 864 652 Bona
882 616 1014 664 figura
1046 625 1131 651 tunc
1150 617 1264 652 utilis
1283 645 1293 662 ,
1321 629 1399 652 cum
1419 617 1510 653 data
1528 616 1608 663 cles-

134 668 273 715 criptio
301 679 429 702 manca
447 693 458 710 ,
486 674 554 701 aut
581 666 765 714 genuinus
793 664 986 701 individui
1015 664 1208 701 charafler
1237 665 1534 711 nondumfiterit
1551 665 1611 701 de-

136 718 269 753 tebius.

275 765 445 802 Tandem
470 764 677 800 Candidum
705 763 896 800 Lestorem
926 777 1092 812 rogamus
1122 791 1135 808 ,
1173 772 1211 798 ut
1247 763 1399 812 benigne
1430 764 1549 809 ferat,
1577 765 1614 800 δε

135 817 292 863 corrigat
318 815 559 865 quoscumque
585 813 701 862 lapsus
721 841 732 858 ,
756 827 860 862 ,quos
891 813 1127 863 proculdubio
1161 812 1317 849 inveniet
1351 813 1386 847 in
1422 812 1491 849 hoc
1527 826 1614 862 ope-

135 879 184 902 re.
213 865 293 901 Nec
323 864 539 900 dubitamus
566 863 685 898 multa
709 863 776 912 effi
797 892 806 908 ‚
833 875 913 912 quae
941 876 1004 898 nos
1014 862 1308 911 praeterierint3
1337 860 1498 898 homines
1517 863 1615 898 enim

126 917 257 964 sumus
276 943 286 960 ,
315 912 363 955 &⁵
380 913 549 962 occupati
568 912 698 959 afficit's
717 941 726 958 ,
752 912 1014 961 subcistvisque
1034 910 1262 960 temporibus
1280 911 1351 956 ista
1369 913 1612 949 curavimus:

135 965 284 1002 libenter
310 963 463 1000 fatemur
492 976 570 999 cum
597 963 712 999 Plinio
739 964 898 999 Seniore.
928 964 968 999 In
999 961 1231 1010 praefadlione
1255 960 1345 997 Hist.
1366 962 1562 999 Naturalis.

274 1015 331 1050 De
358 1013 558 1049 accentibus
579 1041 588 1057 ,
617 1012 654 1047 &
684 1012 791 1060 signis
819 1012 1143 1061 grammaticalibus
1165 1012 1299 1059 linguae
1317 1011 1610 1049 Cochinchinen·

137 1063 180 1099 fis
199 1091 208 1108 ‚
237 1063 272 1099 &
303 1063 456 1100 Sinenfis
485 1063 641 1111 propriis
673 1075 784 1109 pauca
817 1064 936 1099 dicere
964 1072 1109 1110 oportet
1144 1075 1151 1096 :
1189 1060 1258 1096 fine
1289 1060 1416 1109 quibus
1449 1061 1615 1112 quaelibet

135 1126 251 1149 earum
282 1125 390 1149 voces
411 1140 420 1156 ,
448 1125 526 1161 quae
555 1124 679 1147 omnes
708 1111 962 1160 monosyllabae
989 1111 1093 1155 sunt,
1122 1122 1303 1159 nequeunt
1336 1113 1488 1148 omnino
1507 1112 1622 1148 intel-.

134 1163 200 1211 ligi
219 1191 241 1208 ,.
258 1162 402 1211 quando
430 1163 542 1197 literis
567 1161 755 1210 Europaeis
783 1162 1030 1210 exprimuntur
1050 1174 1060 1205 3
1087 1159 1219 1196 habent
1245 1161 1343 1196 enim
1361 1160 1437 1198 suas
1457 1161 1616 1211 peculia-

135 1225 191 1249 res
212 1240 224 1257 ‚
251 1212 287 1247 δε
315 1224 333 1247 a
359 1211 474 1247 nostro
498 1210 686 1259 alphabeto
719 1211 861 1259 prorsus
892 1209 1062 1247 diversas.

276 1262 435 1297 Accentu
462 1272 586 1296 accuto
614 1261 628 1304 (
655 1263 689 1304 ι)
715 1274 785 1296 vox
805 1260 995 1297 attolitur:
1026 1260 1126 1308 gravi
1156 1259 1172 1305 (
1199 1260 1239 1305 .>
1269 1258 1485 1308 deprimitur
1511 1274 1519 1295 :
1548 1261 1617 1296 cir-

137 1311 314 1347 cumflexo
341 1312 418 1357 (t)
443 1323 504 1346 ore
532 1309 723 1350 constristo
742 1338 751 1354 ‚
780 1310 817 1347 &
849 1310 1058 1347 semiclauso
1090 1309 1347 1357 pronuntiatur.
1382 1311 1496 1359 Signo
1527 1311 1612 1356 (-)

137 1361 240 1397 ,sonus
264 1361 532 1407 prolongatur:
565 1362 609 1405 (ν
632 1364 647 1406 >
679 1360 897 1396 abbreviatur
919 1374 926 1394 :
965 1361 1226 1406 interrogativo
1255 1359 1336 1404 (Ρ)
1372 1359 1467 1407 quasi
1503 1360 1612 1395 inter-

140 1409 302 1457 rogando
333 1409 513 1456 profertur
545 1422 552 1442 :
592 1408 726 1456 pun6³to
755 1409 899 1444 cuilibet
938 1407 1056 1443 vocali
1087 1408 1268 1455 supposito
1299 1409 1383 1453 (ἓ)
1420 1407 1614 1455 asperitate

137 1459 294 1508 quadam
321 1458 490 1505 guttur-ali
509 1484 518 1500 ‚
546 1456 581 1492 &
607 1456 754 1494 tremula
773 1456 1020 1504 prolongatur.
1049 1453 1283 1502 Aspiratione
1312 1457 1352 1500 (ι
1375 1457 1392 1501 >
1422 1469 1494 1492 vox
1511 1458 1612 1505 aspe-

140 1520 178 1543 ra
209 1507 404 1553 expirando
437 1506 621 1553 promitur.
657 1506 777 1541 Litera
811 1505 834 1540 b
863 1504 1058 1540 transverse
1083 1503 1176 1540 sec'ta
1207 1503 1288 1549 (b)
1320 1504 1454 1540 indicat
1485 1505 1613 1542 sonum

138 1557 296 1591 medium
327 1555 421 1590 inter
447 1554 468 1588 b
496 1566 688 1589 commune
706 1581 716 1598 ,
754 1553 791 1588 &
815 1567 837 1589 v
866 1552 1075 1589 consonans.
1120 1553 1242 1589 Litera
1268 1553 1291 1587 d
1314 1552 1420 1588 simili
1453 1553 1612 1591 sestione

139 1615 260 1641 notata
293 1605 382 1650 (d)
414 1603 549 1638 indicat
580 1603 702 1640 sonum
731 1602 889 1638 medium
922 1603 1013 1637 inter
1041 1602 1063 1637 d
1084 1629 1094 1644 ‚
1122 1601 1159 1637 &
1189 1616 1218 1638 r.
1256 1601 1409 1639 Vocales
1439 1615 1462 1639 o
1480 1631 1490 1647 ‚
1518 1603 1555 1639 &
1587 1617 1609 1640 u

140 1652 336 1690 transverse
363 1652 466 1688 sestae
496 1653 606 1698 (1³³)
645 1653 867 1700 pronuntiari
906 1651 1034 1688 debent
1070 1650 1171 1688 labiis
1206 1652 1251 1688 ad
1280 1652 1388 1688 latera
1423 1652 1610 1698 diductis,

139 1704 176 1740 in
201 1703 321 1739 medio
349 1701 632 1739 conniventibus.
659 1702 716 1739 Ex
746 1701 817 1737 istis
851 1701 957 1749 signis
991 1701 1110 1749 aliqua
1145 1702 1222 1738 sunt
1250 1703 1454 1738 communia
1473 1703 1606 1750 linguae

139 1751 439 1788 Cochinchinenfi
460 1779 470 1795 ‚
498 1751 535 1786 ὅ(
564 1751 698 1788 Sinensi
726 1765 734 1785 ε
777 1751 877 1799 plura
906 1750 1120 1800 peculiarem
1154 1751 1253 1787 usum
1283 1751 1409 1787 habent
1443 1752 1478 1787 in
1512 1753 1603 1788 illa:

141 1802 210 1838 alia
238 1801 484 1838 tantummodo
516 1801 551 1836 in
577 1801 651 1838 ista.
691 1801 852 1847 Omnia,
881 1801 967 1838 vero
999 1813 1078 1837 cum
1099 1801 1238 1838 molesta
1261 1800 1327 1839 fint
1347 1801 1574 1851 typographo
1591 1829 1604 1848 ,

142 1849 234 1900 saepe
261 1851 304 1888 ab
326 1851 391 1889 illo
417 1851 640 1888 omittuntur.

1472 2494 1575 2532 AU-
