1900 2844
441 208 1392 249 M0NAunn1AM0N0GYn1A.
1607 224 1630 261 9

186 275 279 313 virt.
308 274 506 313 Resolvens
527 302 537 318 ‚
562 274 833 323 Emmenagoga
852 302 862 318 ‚
900 272 1166 322 Diaphoretica.
1196 272 1303 310 Valet
1336 275 1373 310 iu
1399 273 1518 311 mei-0
1538 301 1548 319 ,
1584 275 1655 311 Ca-

184 360 189 364 .
233 325 359 362 chexia
380 354 388 370 ,
416 323 680 362 contulionibus
710 352 719 368 ‚
757 323 955 360 vulneribus
972 351 982 367 ,
1023 322 1133 360 scabie
1152 350 1162 367 ,
1190 323 1266 359 imo
1294 325 1402 360 etiam
1437 324 1473 359 in
1508 324 1625 372 Leprfi
1644 352 1655 368 ‚

237 375 405 424 pellendo
438 387 502 424 per
525 373 835 424 transpirationem
853 401 864 418 ,
892 373 915 409 si
944 372 1097 409 sumatur
1129 385 1210 409 cum
1238 371 1404 422 sulphure
1436 386 1444 407 :
1483 372 1539 409 vel
1573 385 1655 409 cum

236 424 476 461 terebinthina
515 437 578 473 per
616 424 765 460 urinam.
806 423 970 460 Exterius
1005 423 1178 472 pruritum
1198 450 1208 467 ‚
1243 421 1281 458 δε
1311 421 1456 459 affectus
1488 433 1657 459 cutaneos

235 475 397 523 corrigit.

185 522 280 559 Usus
312 524 554 559 oeconomicus
583 522 628 557 ad
644 520 870 557 condiendos
905 522 1001 558 cibos
1030 522 1113 558 loco
1139 521 1273 566 Croci,
1300 520 1599 572 frequentissimus
1619 521 1658 556 in

236 572 353 608 India.
381 572 561 607 Curcuma
589 571 774 618 tinguntur
803 571 883 606 telae
901 598 911 614 ‚
940 573 1049 619 pelles
1067 599 1077 615 ‚
1105 572 1203 620 ligna
1224 599 1233 615 ,
1260 571 1331 608 ossa
1351 599 1361 616 ,
1388 571 1426 606 ὅ(
1445 571 1602 613 metalla.

185 670 247 718 sp.
269 681 302 705 2.
330 669 600 706 CURCUMA
626 667 905 705 ROTUNDA.
933 679 962 701 α
990 647 1065 707 κςὲῑ
1092 670 1162 708 mm.
1193 668 1218 720 β
1246 671 1321 698 vum
1348 674 1404 709 nge,
1432 670 1509 700 meu.

184 718 312 755 Dister.
343 718 436 768 spec.
463 719 568 755 Cure.
583 717 701 766 foliis
729 717 1064 754 lanceolam-oratis
1100 731 1107 751 :
1145 717 1277 752 nervis
1301 719 1503 755 lateralibus
1530 718 1657 756 rariffi-

235 770 314 804 mis.
343 769 423 804 Lin.
453 767 504 818 sp.
539 780 570 804 Ι.

184 817 296 863 Hab3
323 817 360 854 δε
388 828 494 855 notae.
535 817 667 853 Radix
692 818 857 867 perennis
879 845 887 861 ‚
915 815 1036 852 bulbus
1060 825 1186 852 ovatus
1203 843 1213 861 ‚
1240 828 1392 865 magnus
1412 843 1422 860 ‚
1450 828 1523 852 ovo
1557 816 1656 853 anse-

235 869 315 904 rino
340 866 433 918 saepe
460 868 604 917 aequalis
625 881 632 902 ε
663 868 813 903 exterius
832 866 1000 916 pellicula
1018 867 1113 902 tenui
1133 894 1143 911 ‚
1172 854 1379 903 ruffessente
1399 893 1408 909 ,
1435 865 1575 902 annulis
1595 878 1656 914 pa-

232 917 364 954 rallelis
390 917 629 954 radicantibus
661 915 799 953 cinctus
834 930 840 951 ε
879 917 1026 953 interius
1056 915 1190 952 solidus
1210 943 1220 959 ‚
1257 914 1423 952 carnosus
1445 942 1454 958 ,
1484 914 1656 951 flavo-ru-

233 966 293 1002 ber
312 995 321 1011 ‚
349 966 448 1014 gustu
476 969 691 1003 amaricante
719 994 729 1011 ,
751 966 863 1002 odore
891 965 1161 1003 subm-ornatico.
1188 965 1308 1014 Serpit
1339 964 1400 1002 sub
1431 964 1523 1002 terra
1555 964 1658 1001 radix

233 1029 299 1065 per
324 1029 455 1066 parvos
486 1016 608 1053 bulbos
627 1044 637 1061 ‚
667 1016 823 1064 ejusdem
846 1015 973 1054 formae
999 1025 1116 1052 ovatae
1134 1043 1145 1060 ‚
1181 1015 1227 1051 ad
1257 1016 1368 1052 latera
1397 1013 1497 1050 bulbi
1527 1024 1658 1051 mater-

234 1066 271 1101 ni
298 1065 542 1102 accrescentes.
583 1066 713 1102 Caulis
740 1066 867 1102 nullus.
896 1065 998 1102 Folia
1029 1078 1144 1101 annua
1163 1093 1174 1110 ,
1205 1077 1221 1113 3
1247 1064 1356 1113 pedes
1386 1064 1458 1101 alta
1477 1091 1488 1108 ,
1511 1062 1626 1099 eresta
1645 1091 1658 1108 ,

200 1147 208 1154 .
231 1115 521 1152 lato-lanceolata
549 1143 559 1161 ‚
596 1114 779 1152 subobtusa
806 1143 817 1160 ,
858 1115 976 1163 glabra
1005 1143 1015 1159 ‚
1052 1115 1133 1151 laete
1163 1115 1296 1151 viridia
1315 1142 1326 1159 ‚
1364 1114 1470 1152 lineis
1494 1112 1656 1162 obliquis

233 1166 354 1213 paucis
387 1165 542 1202 sulcata:
574 1165 718 1215 petiolis
741 1165 902 1201 brevibus
923 1193 933 1209 ‚
959 1164 1004 1200 ad
1028 1164 1134 1200 bafim
1159 1164 1317 1201 dilatatis
1337 1192 1347 1208 ‚
1376 1163 1563 1199 interiores
1581 1173 1658 1197 am-

232 1213 470 1262 plestentibus
491 1243 500 1260 ‚
528 1214 674 1252 crass‘um
701 1215 837 1251 caulem
862 1213 1127 1251 mentientibus.
1155 1213 1297 1250 Florem
1313 1222 1490 1249 recentem
1511 1223 1582 1247 non
1602 1211 1657 1246 vi-

233 1263 302 1308 di,
329 1266 491 1314 quamvis
521 1278 585 1314 per
613 1265 752 1313 aliquot
779 1277 890 1301 annos
919 1264 1077 1313 plantam
1103 1263 1258 1300 studiose
1284 1262 1462 1299 coluerem
1483 1275 1494 1307 3
1532 1258 1656 1298 naturai

235 1314 330 1348 enim
357 1313 498 1361 agrestis
528 1313 585 1349 est.

185 1361 333 1397 Habitat
359 1362 525 1412 frequens
552 1372 691 1398 montes
720 1361 982 1398 Cochinchinae
1001 1391 1012 1407 ‚
1039 1362 1077 1397 δε
1103 1361 1243 1398 Chinae.

184 1410 423 1460 Manja-Kua.
451 1410 591 1447 Rheed.
625 1410 761 1447 Malab.
796 1423 849 1447 11.
886 1423 968 1459 pag.
993 1423 1046 1459 19.
1067 1410 1135 1446 tab.
1160 1422 1214 1447 10.
1241 1409 1418 1446 Curcuma
1447 1408 1567 1444 radice
1597 1420 1655 1444 ro-

234 1461 356 1495 tunda.
382 1461 502 1496 Burm.
530 1460 633 1507 Zeyl.
666 1471 747 1507 pag.
768 1459 824 1505 84.
853 1459 1048 1496 Zerumbet
1078 1459 1264 1495 Tommon
1294 1459 1428 1494 Bezaar
1455 1456 1652 1506 (Rumph.

231 1507 338 1543 Amb.
358 1508 382 1544 l.
405 1509 437 1544 8.
456 1521 486 1544 c.
511 1520 564 1553 17.
585 1519 610 1544 t.
631 1507 720 1553 68.)
751 1507 910 1556 suspicor
939 1508 1028 1543 hanc
1056 1508 1210 1555 speciem
1243 1507 1431 1542 Curcumae
1459 1505 1654 1553 defignaie.

230 1556 438 1607 Descriptio
463 1557 733 1606 quodammodo
760 1558 931 1593 convenit
971 1571 978 1591 ;
1009 1556 1069 1592 sed
1101 1556 1213 1605 figura
1240 1568 1304 1591 nec
1334 1555 1494 1604 propriae
1524 1553 1654 1590 descri-

233 1607 350 1655 ptioni
371 1634 380 1650 ‚
407 1618 472 1642 nec
499 1605 624 1642 nostrae
653 1605 741 1642 bene
766 1606 880 1655 aptari
911 1605 1034 1655 potest.

182 1655 317 1692 Virtus.
344 1655 434 1693 Fere
461 1656 585 1692 eadem
605 1684 614 1700 ,
643 1668 722 1705 quae
745 1655 979 1704 praecedentis
1011 1670 1018 1691 ε
1058 1654 1117 1691 sed
1141 1654 1272 1691 fortior
1291 1682 1300 1699 ‚
1326 1667 1367 1691 ac
1393 1653 1533 1691 interne
1561 1653 1656 1690 sum-

234 1716 295 1754 pta
329 1707 445 1742 minus
473 1717 558 1742 tuta.
584 1706 742 1742 Externe
772 1704 957 1742 heroicum
990 1704 1219 1754 pharmacum
1243 1715 1405 1753 expertus
1432 1703 1507 1739 sum
1536 1704 1571 1739 in
1587 1702 1656 1739 do—

230 1756 309 1791 lore
340 1783 350 1799 ,
386 1754 423 1791 &
452 1766 591 1792 tumore
618 1756 752 1792 ventris
789 1767 831 1790 ex
863 1754 1077 1804 supreffione
1103 1753 1305 1791 lochiorurn
1333 1781 1342 1797 ‚
1380 1753 1438 1789 vel
1468 1751 1654 1788 mensium.

231 1804 289 1840 Ex
314 1803 424 1841 bulbis
452 1804 647 1841 recentibus
675 1805 862 1842 Curcumae
891 1805 1074 1842 Rotundae
1092 1833 1102 1850 ‚
1137 1803 1174 1839 δε
1207 1803 1310 1838 Crini
1338 1802 1522 1851 Zeylanici
1551 1829 1560 1845 ‚
1597 1800 1654 1837 fo-

231 1853 362 1903 liisque
388 1852 587 1891 Artemisiae
615 1853 768 1890 contufis
798 1881 807 1898 ‚
846 1855 970 1892 addito
1007 1867 1133 1903 parum
1172 1854 1263 1889 aceti
1298 1881 1307 1897 ,
1347 1852 1384 1887 fit
1407 1849 1622 1900 cataplasma
1641 1878 1652 1894 ,

233 1903 332 1952 quod
359 1904 513 1941 calidum
544 1904 665 1953 topice
695 1904 905 1952 applieaeur.
946 1905 1067 1941 Radix
1103 1903 1162 1940 ista
1201 1915 1270 1938 non
1303 1900 1351 1937 est
1376 1902 1562 1937 esculenta.
1588 1899 1652 1937 Ad

231 1953 444 2002 tingendum
473 1952 658 1989 adhibetur
675 1981 686 1998 ,
712 1953 834 1989 colore
863 1954 1008 2003 quidem
1038 1952 1188 2002 pulchro
1209 1980 1218 1997 ,
1247 1951 1306 1988 sed
1334 1950 1561 1987 inconstante.

146 2054 168 2090 †
186 2050 247 2099 Sp.
269 2063 300 2099 3.
321 2050 598 2088 -CURCUMA
614 2079 624 2095 ‚
649 2050 868 2088 PALLIDA
894 2063 922 2086 <z
949 2054 1012 2093 Ngq
1037 2054 1140 2092 hoang.
1168 2051 1193 2090 (g
1217 2053 1272 2082 san
1301 2051 1390 2080 itiam
1418 2051 1516 2080 imam.

167 2092 310 2136 ‘Diffen
338 2099 430 2149 spec.
458 2100 564 2137 Cure.
594 2099 718 2136 bulbis
746 2101 889 2138 nodosis
910 2116 917 2137 :
935 2103 1048 2151 scapo
1077 2097 1191 2150 longo
1209 2130 1220 2147 ‚
1247 2100 1441 2138 brasteato.

184 2146 291 2194 Hab;
319 2149 356 2184 &
385 2160 491 2187 notae.
527 2149 667 2185 Planta
691 2162 804 2187 annua
831 2179 841 2196 ‚
879 2153 1008 2188 acaulis
1039 2179 1050 2197 ,
1089 2151 1206 2188 eresta
1226 2179 1236 2196 ,
1265 2164 1283 2200 3
1301 2150 1483 2200 -pedalis
1519 2145 1651 2184 Radix

232 2201 401 2246 perennis
419 2228 430 2244 ‚
455 2198 690 2236 horizontalis
710 2228 720 2244 ‚
745 2199 887 2249 serpens
907 2229 917 2246 ,
944 2202 1100 2250 oblonga
1118 2229 1130 2246 ,
1157 2211 1248 2237 teres
1269 2229 1277 2245 ‚
1305 2196 1617 2237 tortuoso-nodosa
1637 2223 1648 2240 ‚

233 2247 329 2284 intus
360 2278 370 2294 ‚
406 2248 445 2285 &
474 2247 563 2286 foris
592 2249 726 2299 pallida
754 2277 764 2295 ‚
803 2249 946 2287 carnosa
966 2279 976 2296 ‚
1004 2251 1116 2288 odore
1136 2278 1145 2295 ‚
1177 2250 1214 2286 &
1243 2249 1368 2300 sapore
1398 2249 1506 2285 tenui.
1543 2244 1649 2282 Folia

232 2295 430 2335 lanceolata
461 2327 472 2344 ,
510 2311 637 2348 magna
657 2327 667 2343 ‚
706 2298 809 2336 sulcis
836 2299 988 2349 obliquis
1009 2329 1019 2346 ‚
1046 2300 1205 2337 tenuibus
1224 2327 1236 2345 ,
1264 2299 1425 2348 plurimis
1452 2311 1459 2332 ε
1504 2295 1647 2344 petiolis

233 2344 306 2393 bafi
336 2348 491 2387 dilatatis
520 2378 532 2396 ,
570 2350 756 2387 interiores
784 2348 1032 2436 ambiengbus.
1074 2350 1212 2399 Scapus
1242 2359 1403 2386 externus
1432 2373 1445 2392 ,
1488 2344 1507 2382 8
1541 2342 1648 2392 polli-

1567 2403 1624 2430 ces
