2095 2963
571 207 626 234 ΧΠ

540 268 591 296 rae'
616 258 914 294 Cocliinchinensi
945 257 1168 295 immiscuisse
1187 284 1196 300 ,
1223 270 1301 292 cum
1335 257 1512 294 Anthores
1542 259 1699 296 Floristae
1729 259 1826 307 loqui
1859 270 2010 296 tantum-

543 309 654 345 modo
685 308 833 343 debeant
862 309 905 344 de
934 309 1002 345 illis
1038 336 1046 352 ‚
1082 321 1161 357 quse
1196 306 1270 341 sunt
1301 307 1417 343 Flu-x
1446 307 1513 343 suae
1539 309 1719 344 concives.
1750 310 1788 343 ln
1822 310 1913 345 irinc
1948 322 2012 345 3ιο-

545 369 615 393 ram
634 386 642 401 ‚
673 357 925 407 qualiscunque
955 371 992 393 ca
1023 357 1063 393 fit
1083 384 1092 399 ‚
1121 369 1191 391 non
1221 357 1362 401 ign-„irus
1400 359 1438 391 ill·
1457 358 1527 392 urri
1546 384 1556 401 ,
1597 357 1656 392 sed
1687 359 1814 393 maiori
1849 372 2011 395 commo·

546 408 594 443 do
622 408 814 455 legentium
841 407 1036 443 consulens.
1065 406 1102 441 Si
1130 406 1208 440 ilias
1236 406 1271 438 in
1301 407 1515 452 :ii-,pendiscs
1549 433 1559 449 ,
1595 416 1632 441 ut
1666 408 1773 442 motis
1810 407 1854 442 est
1875 435 1884 452 ,
1914 408 2012 455 sepa-

547 456 697 500 misem,
726 457 891 504 rigidiori
922 455 1093 491 methodo
1125 452 1345 488 conformior
1378 454 1492 488 fierem
1514 481 1523 497 ‚
1553 454 1609 490 sed
1637 465 1718 490 tunc
1752 469 1768 490 a
1800 456 1908 505 scopo
1938 456 2015 492 Na—

546 507 667 542 turalis
696 507 860 542 Scientiae
886 503 1111 539 deflecterem
1145 529 1154 544 ‚
1201 514 1278 548 quae
1311 504 1420 550 exigit
1457 516 1492 537 nt
1523 504 1680 550 proxima
1713 504 1878 540 lozentur
1898 534 1907 550 ,
1938 519 2016 554 quae

547 555 684 591 Natura
703 555 918 603 proximiora
937 552 1013 587 sunt
1032 578 1041 594 ‚
1070 550 1264 598 posthabita
1292 551 1491 587 differentia
1511 553 1677 588 natalium
1698 568 1708 598 3
1741 556 1900 601 proxima
1918 558 2016 591 enim

546 603 685 639 facilius
713 602 942 638 conferuntur
960 628 970 643 ‚
1000 601 1127 636 collata
1159 601 1284 636 melius
1315 601 1583 648 dignolcuntur.

684 651 742 686 Ne
774 663 858 686 vero
886 662 1004 685 earum
1034 652 1146 698 patria
1167 678 1176 694 ‚
1206 661 1263 686 aut
1291 653 1396 701 origo
1427 650 1667 687 confundatur
1686 679 1695 695 ‚
1724 653 1881 701 propriis
1910 653 2015 702 signis

549 701 818 749 distinguentur.
845 698 1174 739 Cocliinchinenses
1204 700 1309 736 litera
1337 717 1358 734 α,
1376 715 1387 736 ;
1417 700 1578 736 Sinenses
1597 709 1614 739 [ὲ
1637 716 1643 735 :
1674 700 1857 738 Africanae
1890 708 1917 740 ‘y
1941 717 1947 738 :
1977 715 2020 739 ex

547 751 625 786 aliis
653 750 766 785 Indiae
793 749 881 784 locis
900 748 949 789 28⁸.
978 750 1029 784 Ita
1063 760 1126 792 ut,
1157 751 1319 798 quamvis
1351 750 1499 786 adven-„12
1518 778 1527 793 ‚
1557 750 1593 785 8<
1622 750 1740 786 Florae
1773 751 1929 799 holpitio
1957 765 2016 787 ex-

547 810 659 847 ceptae
677 827 687 844 ,
716 799 759 834 ab
791 797 891 846 hujus
919 798 1121 834 domesticis
1151 800 1311 847 protinus
1343 800 1595 835 dilect-namur.
1625 799 1743 834 Voces
1766 827 1775 843 ,
1804 812 1883 848 quae
1901 799 2016 837 distas

548 860 650 884 notas
681 847 897 896 sequuntur,
926 848 1002 884 sunt
1035 851 1179 884 nomina
1210 850 1354 897 propria
1386 848 1543 897 ejusdem
1572 849 1701 898 plautae
1721 876 1731 892 ‚
1760 849 1913 898 expressa
1948 847 2019 886 linss

547 897 617 946 gua
651 897 746 934 illius
776 898 930 934 nationis
950 926 959 942 ‚
988 911 1066 947 quae
1097 898 1157 934 tali
1191 898 1274 934 nora
1305 897 1501 946 insignitur.

677 948 852 995 Qiamvis
876 947 1086 983 methodum
1104 975 1115 991 ‚
1143 946 1179 983 &
1210 945 1492 995 systema'Celeb.
1524 948 1662 984 Linnaei
1681 946 1879 996 amplestar
1897 975 1906 992 ‚
1935 949 2018 996 quia

548 998 735 1033 meliorem
765 1009 835 1033 non
869 998 983 1041 novi,
1010 1010 1082 1033 non
1111 998 1159 1039 ita
1190 1009 1246 1032 me
1276 996 1465 1033 coarzs‘tabo
1484 1025 1493 1041 ‚
1522 1008 1559 1033 ut
1595 1010 1633 1033 ea
1665 1025 1675 1041 ,
1713 1010 1792 1046 quae
1819 997 1923 1032 aliter
1956 997 2019 1033 ob-

549 1046 686 1083 servavi
716 1074 726 1091 ,
764 1056 970 1096 praeteream
1002 1074 1012 1091 ,
1048 1059 1087 1082 ac
1116 1046 1337 1083 diffimulem.
1378 1049 1497 1094 Qiam
1526 1046 1730 1082 libertatem
1764 1056 1865 1081 notus
1895 1046 2017 1082 Celeb.

549 1094 630 1131 Viri
656 1096 790 1133 candor
810 1124 819 1140 ,
862 1095 885 1132 fi
914 1096 1030 1132 adhuc
1061 1097 1227 1141 viveret,
1256 1110 1327 1133 non
1357 1096 1604 1145 improbaret3
1641 1095 1724 1131 licet
1752 1096 1847 1130 enim
1879 1095 1990 1131 multa
2009 1123 2020 1140 ,

550 1157 633 1192 quae
665 1144 801 1192 scripsit
824 1173 833 1190 ,
860 1144 934 1193 ipse
958 1146 1114 1195 propriis
1137 1147 1248 1182 oculis
1280 1145 1546 1189 observaverit,
1577 1145 1673 1193 plura
1709 1155 1826 1181 tamen
1857 1157 1898 1180 ex
1931 1145 2021 1182 locis

550 1195 800 1230 remotioribus
831 1195 875 1231 ab
901 1196 980 1231 aliis
1008 1195 1258 1244 Botanophilis
1289 1196 1438 1243 accepit.

693 1243 734 1279 In
768 1245 886 1281 indice
913 1244 1154 1281 charaffterum
1189 1244 1446 1281 Genericorum
1475 1244 1624 1281 cuilibet
1652 1243 1758 1279 Claffi
1780 1243 1923 1291 praefixo
1944 1256 2021 1279 mu-

550 1294 624 1328 tavi
653 1292 829 1329 interdum
859 1305 980 1337 notam
1010 1295 1192 1345 aliquam,
1222 1308 1300 1342 quae
1331 1296 1367 1329 in
1397 1294 1501 1330 variis
1533 1293 1716 1341 speciebus
1746 1291 1943 1328 charasteri
1978 1293 2021 1330 il-

551 1340 619 1376 lius
648 1340 795 1378 Generis
824 1343 1027 1379 adversatur
1056 1358 1062 1378 :
1104 1343 1142 1378 &
1172 1343 1284 1379 adhuc
1324 1344 1409 1379 alias
1437 1344 1675 1379 excludendas
1711 1351 1798 1390 puto
1829 1370 1840 1386 ‚
1877 1343 2022 1389 quando

551 1390 732 1437 progressu
762 1393 933 1438 temporis
953 1419 963 1435 ,
991 1405 1070 1439 quae
1097 1404 1189 1427 nunc
1224 1393 1331 1427 dubia
1365 1403 1566 1439 apparent,
1593 1391 1860 1427 confirmentur.
1898 1391 1949 1426 At
1982 1392 2020 1426 in

551 1450 705 1486 corpore
733 1437 865 1486 Operis
898 1451 1023 1475 omnes
1055 1439 1273 1475 charat‘teres
1303 1441 1492 1475 Botanicos
1525 1440 1568 1475 ab
1598 1440 1676 1488 ipso
1705 1439 1856 1475 Linnaeo
1873 1439 2023 1487 adopta-

551 1496 608 1522 tos
628 1513 638 1530 ,
668 1498 739 1523 tam
769 1487 962 1523 Genericos
982 1515 993 1532 ‚
1030 1500 1134 1536 quam
1166 1489 1360 1536 Specificos
1389 1487 1543 1524 intastos
1575 1490 1724 1524 omnino
1756 1487 1919 1526 servavi:
1948 1488 2039 1528 sub*

547 1535 679 1586 jiciens
711 1546 828 1571 tamen
849 1564 859 1580 ‚
888 1550 967 1584 quae
995 1537 1098 1572 aliter
1122 1548 1178 1571 me
1210 1536 1334 1572 vidiffe
1360 1537 1538 1572 recordor.

694 1585 968 1621 Recentioribus
999 1584 1206 1633 quibusdam
1239 1584 1352 1620 visum
1386 1584 1431 1621 est
1449 1612 1460 1628 ‚
1488 1584 1695 1620 Clariffimis
1720 1583 1871 1620 Hallero
1890 1612 1901 1629 ,
1927 1586 2026 1622 Lud-

552 1636 668 1684 wigio
683 1664 694 1680 ,
721 1633 884 1671 Forstero
902 1662 912 1680 ,
940 1632 1174 1681 Thunbergio
1207 1632 1439 1682 praeeuntibus
1458 1661 1469 1678 ,
1497 1633 1699 1681 Systematis
1718 1633 1904 1670 Linnaeani
1924 1635 2040 1672 Clas?

554 1684 606 1721 ses
634 1683 882 1734 Gynandriam
900 1711 910 1728 ,
936 1683 1173 1719 Monoeciam
1193 1709 1203 1726 ‚
1233 1682 1420 1718 Dioeciam
1439 1710 1450 1727 ‚
1477 1682 1722 1731 Polygamiam
1756 1683 1811 1719 vel
1843 1696 1952 1720 noxas
1971 1684 2024 1721 es-

554 1736 589 1772 se
606 1763 618 1780 ‚
644 1734 701 1771 vel
733 1732 935 1782 superfluas.
963 1732 1048 1780 Ego
1073 1733 1164 1769 circa
1181 1730 1427 1780 Polygamiam
1455 1745 1526 1768 non
1547 1731 1687 1780 prorsus
1705 1731 1870 1768 diffentio
1888 1760 1900 1777 ‚
1927 1732 2023 1782 ipso-

555 1794 628 1820 met
657 1784 808 1820 Linnaeo
836 1782 932 1818 Filio
961 1780 1231 1830 comprobante.
1260 1780 1323 1816 Ast
1354 1782 1447 1817 circa
1478 1780 1563 1817 alias
1596 1791 1664 1816 tres
1689 1780 1820 1817 Claffes
1851 1781 2025 1831 aliterju-

558 1834 653 1870 dico.
693 1833 735 1868 In
768 1832 976 1881 Gynandria
1010 1831 1054 1866 de
1080 1829 1274 1866 Generibus
1301 1830 1510 1879 Polyandris
1540 1829 1645 1866 Cana
1663 1857 1673 1874 ,
1701 1831 1777 1866 Aro
1796 1858 1807 1875 ‚
1834 1830 1907 1867 &c.
1932 1831 2024 1877 nihil

557 1884 645 1919 certi
673 1883 815 1919 decerni
850 1879 945 1929 poffe
973 1880 1136 1916 Linnaeus
1167 1880 1317 1928 ipsemet
1349 1888 1543 1927 agnoverat
1561 1907 1572 1923 ‚
1597 1878 1644 1915 ob
1661 1880 1819 1916 Stamina
1842 1908 1852 1924 ,
1878 1879 1916 1915 ὃ(
1934 1880 2025 1917 Ger-

556 1933 657 1975 mina,
681 1932 717 1967 in
746 1931 817 1968 illis
845 1928 990 1966 confusa
1009 1957 1019 1974 ‚
1047 1941 1087 1965 ac
1115 1941 1261 1964 numero
1289 1929 1434 1965 incerta.
1461 1928 1518 1965 Ex
1543 1928 1621 1964 aliis
1649 1927 1848 1965 Ordinibus
1865 1929 2025 1977 ejusdem

557 1978 683 2018 Claffis
702 2009 713 2027 ,
741 1981 838 2029 cujus
871 1979 1011 2015 Genera
1040 1978 1215 2014 sexdecim
1249 1978 1286 2013 in
1307 1977 1370 2015 hac
1388 1977 1495 2014 Flora
1513 1989 1655 2027 expono
1676 2005 1687 2022 ‚
1714 1977 1909 2015 Helisteris
1927 1979 2027 2029 prio-

556 2043 611 2066 res
636 2030 716 2068 duae
730 2029 863 2079 species
883 2029 1000 2076 potius
1019 2025 1280 2076 Monadelphae
1297 2027 1498 2064 dicerentur
1518 2053 1530 2070 ,
1556 2039 1663 2074 quam
1681 2026 1887 2075 Gynandrae
1906 2042 1918 2073 5
1944 2040 2026 2066 cum

548 2092 675 2116 tarum
705 2079 848 2117 stamina
882 2076 1028 2114 inferius
1059 2075 1256 2113 coalescant
1285 2078 1322 2112 in
1351 2075 1472 2112 tubum
1501 2103 1512 2122 ‚
1553 2074 1591 2111 δε
1625 2088 1646 2113 a
1674 2075 1805 2113 Pistillo
1839 2078 2027 2114 videantur

557 2129 698 2178 prorsus
731 2128 867 2165 libera:
909 2126 1006 2163 binas
1033 2126 1118 2162 alias
1147 2124 1279 2174 species
1308 2126 1390 2162 vere
1419 2124 1631 2174 Gynandras
1662 2124 1874 2172 observavi,
1900 2124 2049 2175 utpote‘
2080 2143 2081 2168 2

557 2180 711 2215 munitas
741 2177 914 2215 Antheris
945 2175 1108 2213 seffilibus
1137 2174 1298 2211 Germini
1328 2173 1565 2211 infidentibus.
1825 2183 1829 2185 ’
2018 2175 2048 2214 ,ἴ
2077 2176 2081 2209 s

700 2228 742 2264 In
774 2228 853 2264 aliis
884 2225 1080 2262 Generibus
1115 2224 1171 2261 vel
1201 2224 1346 2264 stamina
1375 2223 1550 2261 inhaerent
1580 2222 1772 2269 Germini,
1799 2223 1856 2261 vel
1889 2223 1993 2272 Stylo
2011 2232 2025 2271 ‚'
2076 2228 2077 2231 ’

557 2279 676 2328 ficque
702 2275 883 2313 manifeste
909 2274 1104 2324 Gynandra
1132 2273 1233 2310 funt:
1261 2274 1318 2311 vel
1343 2275 1481 2310 nonita
1501 2272 1592 2308 clare
1611 2300 1622 2317 ,
1650 2286 1730 2309 curn
1748 2300 1759 2318 ‚
1784 2282 1844 2309 aut
1861 2273 2023 2321 Stylum‚

558 2340 618 2366 aut
641 2326 779 2376 Stigma
805 2338 876 2362 non
905 2324 1053 2360 habeant
1081 2322 1163 2360 satis
1187 2323 1380 2373 expressum
1395 2350 1405 2367 ‚
1433 2321 1493 2358 sed
1517 2320 1643 2358 horum
1661 2323 1745 2358 loco
1770 2321 1939 2370 punstutn
1959 2324 2026 2360 ali-

567 2377 665 2428 quod
687 2402 699 2421 ,
718 2375 776 2413 seu
807 2373 970 2413 foffulam
997 2372 1255 2429 longiusculam
1288 2385 1310 2412 a
1339 2371 1410 2412 bafi
1437 2370 1606 2418 staminis
1635 2371 1680 2412 ad
1706 2370 1874 2412 Pistissum
1891 2373 2024 2411 ducen-¹

1899 2429 2029 2470 ‚tems
