2095 2963
1481 239 1539 275 Xl'r

62 291 178 326 tarum
197 315 207 332 ,
236 299 385 337 quarum
412 287 562 323 virtutes
591 298 836 335 cognoveram
857 315 867 332 ,
895 288 952 336 vel
985 301 1028 325 ex
1056 288 1153 326 libris
1179 290 1365 339 Europaeis
1386 320 1395 337 ,
1421 293 1539 330 velex

65 338 195 375 Sinicis
215 365 225 382 ‚
251 337 288 373 &
318 337 498 386 indigenis
526 364 537 381 ‚
575 336 792 374 charatf‘ceres
821 365 830 382 ‚
868 338 1104 386 propriatates
1125 368 1135 384 ‚
1163 340 1200 376 &
1233 340 1390 378 habitum
1416 343 1539 379 sedulo

65 387 306 424 describebam
338 401 345 422 ε
387 400 473 437 quas
508 399 592 424 vero
625 387 725 435 praxi
754 387 915 424 Medicae
945 389 1086 425 inutiles
1112 390 1321 438 judicabam
1349 419 1358 434 ‚
1397 392 1538 440 prorsus

64 437 276 486 rejiciebam.
307 437 562 473 Verumtamen
581 465 592 482 ,
619 449 700 473 cum
731 437 856 472 harum
893 451 1057 474 numerus
1085 440 1248 489 quotidie
1267 452 1476 489 augeretur,
1504 444 1540 477 in

63 497 219 522 mentem
250 488 347 524 venit
375 486 528 523 otiosum
563 500 632 522 non
668 485 773 530 fore,
810 486 833 522 fi
867 485 928 523 has
963 489 1092 536 pariter
1126 490 1334 538 colligerem
1354 518 1365 534 ‚
1393 490 1430 527 δε
1465 489 1542 526 delL

62 537 237 572 criberem
258 565 268 581 ,
295 537 493 573 Linnaeano
525 536 705 583 Catalogo
737 537 946 581 addendas,
975 551 1014 573 ac
1046 537 1166 575 futuro
1195 540 1269 575 usui
1301 539 1443 577 fortaffe
1467 540 1539 576 uti-

62 586 114 622 les
134 614 144 629 ‚
173 588 336 635 quamvis
367 586 533 634 praesenti
562 585 705 620 inutiles
734 585 953 620 videbantur.
988 587 1130 623 Exinde
1163 601 1286 625 omnes
1321 590 1542 626 indiscrimiq

64 638 176 672 natim
205 638 293 684 caepi
327 647 518 682 congerere
537 661 547 677 ‚
573 632 610 668 ὃς
647 635 683 668 in
718 633 916 670 adversaria
952 647 1135 684 reponere.
1165 640 1327 685 Qlarum
1356 638 1541 687 sexaginta

63 686 204 722 circiter
233 685 427 732 specimina
458 711 468 727 ‚
510 683 734 731 totidemque
778 682 1037 730 descriptiones
1072 688 1220 721 memini
1258 700 1319 734 per
1354 700 1412 723 me
1442 688 1542 724 miffa

61 732 162 771 fuiffe
189 734 391 769 Cantonem
420 734 581 769 Sinarum
618 760 627 776 ‚
670 733 828 781 indeque
863 734 898 767 in
928 733 1100 781 Angliam
1135 762 1145 778 ‚
1185 734 1221 769 δε
1253 736 1415 771 Sueciam
1446 749 1540 773 anno

66 794 184 831 1774:
215 783 257 818 de
288 783 412 830 quibus
446 784 683 818 meminerunt
712 783 808 819 Clar.
839 783 986 830 Bergius
1006 810 1017 828 ,
1052 784 1067 829 (
1097 783 1192 820 Mat.
1221 783 1326 820 Med.
1363 796 1444 832 pag.
1465 796 1498 832 5.
1522 787 1538 831 )

61 835 99 871 &
129 835 226 870 Clar.
256 833 423 870 Linnaeus
451 833 576 868 Filius.
609 833 757 881 (suppl.
784 832 832 881 pl.
859 844 940 881 pag.
964 835 1080 881 331.)
1111 834 1223 876 Anno
1254 842 1372 869 autem
1411 845 1505 880 1779
1525 862 1542 877 ‚‚

62 890 143 921 c'um
167 884 268 932 jam,
296 882 421 919 relicta
453 882 704 918 Cochinchinz'i
724 910 734 926 ,
762 882 927 918 Cantone
955 883 1119 920 Sinarum
1145 882 1333 919 residerem
1351 910 1362 927 ‚
1390 883 1543 921 necdum

62 944 182 984 optata
216 944 351 981 pateret
384 934 442 970 via
461 960 470 977 ,
499 932 568 982 qua
602 933 636 969 in
665 932 849 981 Europam
876 944 1069 970 reverterer
1087 961 1098 979 ,
1125 931 1335 969 Londinum
1365 932 1442 968 mifi
1474 933 1540 969 du-

62 994 164 1021 centa
198 983 346 1030 triginta
370 983 439 1019 alia
468 981 662 1031 specimina
692 984 893 1031 plantarum
912 1011 922 1027 ‚
950 996 1032 1019 cum
1064 984 1221 1031 propriis
1252 995 1372 1019 earum
1407 982 1545 1019 descri-.

61 1031 267 1083 p'tionibus,
294 1046 372 1082 quae
399 1032 490 1069 mihi
521 1032 665 1068 defectu
697 1034 866 1082 plenioris
900 1034 1041 1069 notitiae
1072 1033 1277 1070 Authorum
1297 1060 1307 1077 ,
1346 1045 1436 1081 quos
1466 1045 1541 1069 non

63 1082 232 1119 habebam
250 1111 259 1127 ,
288 1093 370 1118 tunc
403 1095 506 1119 novae
539 1082 749 1119 videbantur
767 1111 778 1128 ‚
806 1084 970 1132 quamvis
999 1083 1130 1132 aliquae
1157 1096 1263 1119 novae
1294 1094 1367 1118 non
1395 1081 1515 1119 effent.

202 1132 258 1168 Ex
285 1132 355 1168 illis
372 1159 383 1177 ‚
410 1132 638 1181 pluribusque
666 1133 746 1168 aliis
782 1132 876 1181 apud
909 1145 966 1168 me
993 1131 1140 1169 servatis
1161 1161 1170 1176 ,
1198 1131 1236 1168 δί
1270 1133 1398 1169 iterato
1416 1144 1548 1168 corre·
1602 1132 1607 1135 “

62 1180 129 1218 stis
160 1181 233 1218 haec
262 1181 368 1218 Flora
398 1183 655 1230 componitur:
687 1195 751 1218 nec
781 1194 896 1219 tamen
926 1182 1087 1219 existimo
1115 1195 1193 1218 eam
1210 1181 1278 1218 effe
1297 1182 1549 1228 completam3.

62 1232 190 1268 multas
219 1232 313 1266 enim
344 1245 385 1267 ex
415 1232 669 1268 remotioribus
701 1231 810 1280 sylvis
841 1232 1038 1280 petendas,
1065 1233 1292 1282 quantumvis
1322 1231 1360 1266 in
1378 1229 1540 1266 Cochin-

62 1281 165 1319 china
193 1279 387 1330 spontanee
419 1281 598 1318 nascentes
627 1310 637 1326 ,
676 1294 739 1318 nec
770 1282 966 1318 admodum
996 1294 1089 1318 raras
1118 1310 1128 1327 ,
1166 1281 1338 1331 consequi
1374 1292 1446 1316 non
1476 1291 1547 1328 po-.

63 1333 143 1375 tui,
173 1341 333 1378 quartam
363 1331 506 1368 circiter
532 1341 671 1381 partem
704 1332 852 1379 integrae
884 1332 1002 1369 Florae
1031 1333 1283 1381 completuras.

190 1380 325 1415 Interea
357 1381 523 1417 Cantone
550 1381 644 1427 apud
668 1381 766 1417 Sinas
791 1381 981 1418 triennium
1006 1393 1188 1417 remanens
1217 1378 1379 1415 Sinenses
1424 1377 1540 1413 lantas

67 1429 114 1465 ibi
143 1427 326 1464 observavi
350 1442 421 1464 non
452 1442 578 1476 paucas
600 1456 608 1471 ‚
638 1442 723 1476 quas
756 1430 845 1463 mihi
875 1428 1055 1465 deferebat
1082 1428 1245 1463 mercede
1262 1391 1463 1462 conducens
1483 1426 1552 1462 Sim

66 1477 175 1513 nensis
209 1477 349 1513 rusticus
369 1505 379 1521 ,
410 1478 630 1524 (Europaeis
663 1478 757 1512 enim
788 1489 859 1511 non
892 1477 1107 1525 permittitur
1140 1486 1238 1511 extra
1266 1476 1387 1513 vicum
1422 1474 1551 1514 subur-.

64 1525 112 1562 bii
141 1527 294 1574 vagari)
324 1529 372 1561 rei
405 1526 573 1560 herbariae
599 1538 670 1560 non
694 1525 834 1572 prorsus
867 1528 1039 1572 ignarus:
1069 1523 1368 1573 quiquesolebat
1398 1522 1540 1571 plantas

64 1576 299 1624 undequaque
329 1574 516 1621 exquisitas
548 1573 837 1621 pharmacopolis
872 1574 1078 1610 vendendas
1113 1573 1297 1621 colligere.
1329 1573 1431 1608 Idem
1450 1570 1540 1607 mihi

65 1624 203 1660 dicebat
244 1635 360 1658 earum
402 1623 547 1671 nomina
578 1623 766 1659 vernacula
802 1622 925 1670 lingua
951 1622 1178 1659 Cantonienfi
1211 1637 1217 1657 :
1260 1622 1385 1671 quibus
1422 1632 1539 1657 tamen

66 1676 135 1710 n'on
151 1673 301 1717 multum
318 1672 497 1708 fidendum
520 1681 607 1721 puto
628 1686 637 1717 3
666 1672 837 1720 liquidem
859 1700 869 1717 ‚
896 1685 978 1709 cum
996 1683 1180 1721 urgeretur
1198 1673 1315 1708 dicere
1335 1699 1344 1716 ,
1372 1670 1542 1720 suspicari

66 1721 240 1771 p'offutnus
260 1749 270 1766 ‚
299 1721 397 1771 quod
415 1721 610 1771 aliquando
627 1749 640 1766 ‚
667 1735 752 1758 vero
783 1723 928 1758 nomine
958 1735 1030 1758 non
1051 1732 1260 1759 occurrente
1276 1749 1286 1766 ,
1315 1721 1540 1760 arbitrarium

66 1768 527 1821 quodlibet*substituisset3
568 1772 629 1820 qui
662 1771 859 1808 Sinensium
888 1785 966 1808 mos
995 1772 1067 1816 est,
1096 1785 1139 1808 ne
1167 1772 1410 1819 ignorantiam
1443 1770 1541 1807 suam

64 1815 233 1870 pibdant:
257 1821 423 1857 Nomina
450 1834 536 1858 vero
572 1820 773 1869 plantarum
791 1849 803 1866 ,
833 1835 912 1870 quae
943 1820 1020 1857 usui
1047 1821 1202 1861 Medico
1220 1849 1232 1866 3
1258 1831 1318 1857 aut
1341 1820 1557 1858 oeconomi-,

65 1867 273 1920 contagia
289 1868 486 1920 inserviunt
512 1899 523 1917 ‚
564 1883 604 1907 ea
633 1870 852 1919 correctiora
885 1870 962 1908 sunt
993 1899 1002 1915 ,
1041 1881 1168 1919 utpote
1198 1884 1241 1907 ex
1273 1870 1371 1906 libris
1408 1869 1559 1909 Sinicis‚

31 1923 34 1925 ’
63 1921 103 1956 υἱ
130 1920 321 1968 plurimum
350 1931 495 1969 excepta
513 1948 523 1966 ,
544 1920 602 1957 ’ὅς’
619 1920 741 1970 lingua
770 1920 960 1959 universali
989 1920 1125 1957 Sinensi
1148 1948 1158 1966 ‚
1185 1934 1265 1969 quae
1298 1921 1541 1957 Literatorum

68 1969 198 2005 dicitur
217 1997 227 2014 ‚
255 1969 422 2020 expreffa.
1548 2005 1550 2007 ,

90 2021 97 2024 “
208 2020 249 2067 In
278 2019 396 2055 reditu
424 2032 444 2055 a
472 2020 568 2057 Sinis
598 2021 634 2056 in
663 2020 880 2057 Lusitaniam
912 2020 1090 2068 appellere
1120 2018 1265 2055 coactus
1297 2017 1349 2062 fui
1382 2019 1427 2054 ad
1446 2017 1542 2054 insu-

66 2067 137 2115 la'm
162 2067 463 2105 'Mo‘z‘a'mbiccum
494 2070 527 2104 in
551 2067 817 2118 oraOrientali
843 2068 979 2106 Africae
997 2097 1007 2115 ,
1037 2071 1130 2105 circa
1169 2080 1209 2115 15
1240 2069 1388 2116 gradum
1423 2069 1564 2104 latitu-›

68 2111 381 2169 dgn'isffA't'iffralis:
411 2118 471 2166 ubi
504 2131 567 2167 per
600 2128 668 2154 tres
692 2118 830 2162 menses
865 2130 1106 2163 commoratus
1135 2118 1439 2162 studiaBotanica
1460 2131 1560 2169 pro-3

69 2158 429 2215 se‘q'tii‘²¹cordi'‘habui
447 2196 457 2212 ,
484 2164 687 2215 colligens,
714 2167 751 2203 ὃς
782 2167 980 2204 describens
1009 2170 1122 2204 varias
1148 2169 1287 2216 plantas
1319 2169 1561 2209 rarioresexi

69 2217 232 2264 proxima
260 2218 478 2255 continente.
497 2215 683 2253 Africana.
710 2218 811 2260 Alias
843 2219 1028 2266 pauciores
1047 2230 1339 2265 comparaveram
1366 2217 1541 2259 indiver-

70 2262 371 2317 fisff‘lndi‘ae‘locis
402 2294 413 2311 ,
450 2270 527 2316 quae
559 2266 746 2315 peragravi
772 2281 779 2302 :
818 2281 946 2316 nempe
973 2269 1010 2304 in
1040 2267 1240 2304 Camboclia
1261 2295 1270 2311 ,
1300 2266 1561 2315 Champavfi„

71 2312 250 2364 Ben'gllala
269 2343 279 2360 ,
306 2315 506 2352 Malabaria
524 2316 535 2361 ,‘
564 2316 723 2353 Samarra
740 2345 750 2362 ‚
777 2317 813 2353 &
833 2318 920 2354 alibi
943 2331 949 2352 ε
980 2331 1129 2367 quarum
1147 2317 1283 2367 aliquas
1316 2318 1352 2352 in
1371 2317 1436 2352 hac
1455 2315 1541 2351 Flo-

72 2363 290 2414 ra'propriis
308 2364 490 2402 ‘Claffibus
511 2393 520 2410 ,
548 2365 585 2401 &
616 2367 708 2403 locis
742 2365 881 2414 inserui,
1014 2409 1017 2412 Α
1184 2405 1185 2408 Ἴ
1215 2406 1221 2411 ‚
1464 2403 1468 2407 ,

153 2422 171 2426 ”
208 2411 291 2453 Erit
318 2413 459 2453 fortass'e
479 2443 488 2461 ‚
517 2415 772 2466 qui‘reprobet
785 2429 856 2489 *mc
887 2414 1202 2464 plantas'aliarum
1234 2416 1423 2464 regionum
1451 2413 1536 2448 Flo-

812 2466 832 2491 *
864 2467 888 2501 ii
1460 2476 1506 2498 1·ae
