2095 2963
523 259 551 287 X

633 311 790 351 Defestu
817 313 982 363 Magistri
1011 341 1022 358 ,
1061 311 1097 349 δε
1127 311 1331 349 Authorum
1357 340 1371 358 ,
1405 315 1468 363 qui
1497 312 1808 361 manuducerent,'
1840 318 1960 355 tardus

493 363 743 413 procedebam.
771 363 849 399 Nec
877 377 918 399 ex
943 363 1156 399 Dioscoride
1177 391 1187 407 ,
1217 362 1358 411 ejusque
1386 375 1667 400 commentatore
1689 365 1837 413 Laguna
1855 395 1864 411 ,
1892 368 1965 403 Ra-

489 416 532 464 jo
550 442 559 458 ‚
588 413 623 448 &
653 411 915 449 Tournefortio
945 441 955 457 ‚
994 424 1143 461 quorum
1171 424 1279 460 opera
1307 412 1480 447 Botanica
1505 412 1690 451 successive
1714 416 1860 464 adeptus
1891 415 1966 452 fue-

496 476 599 507 ram,
630 462 710 499 satis
736 462 824 498 mihi
853 462 1040 511 affulgebat
1066 461 1154 496 lucis
1174 489 1184 504 ‚
1212 472 1249 496 ut
1278 461 1420 496 Indicas
1449 462 1586 508 plantas
1610 463 1807 500 luculenter
1835 465 1965 502 discer—

495 526 645 549 nerem:
675 525 822 560 quarum
850 515 969 548 multae
989 539 999 555 ‚
1025 511 1109 546 licet
1139 510 1292 558 ejusdem
1324 510 1473 547 Generis
1492 539 1502 555 ‚
1530 511 1567 547 &
1596 511 1727 560 speciei
1761 514 1849 558 fint,
1878 526 1966 551 atta-

495 574 577 598 men
606 561 762 611 persaepe
794 572 967 610 apparent
995 559 1086 595 facie
1115 559 1157 595 ab
1182 559 1372 608 Europaeis
1396 561 1667 607 quodammodo
1697 560 1845 598 diversa.
1892 595 1905 605 ‚,
1929 564 1933 565 ⁷
1969 563 1980 567 ’

635 611 802 646 Tandem
825 637 835 654 ,
872 609 1012 646 labente
1046 620 1208 657 tempore
1228 637 1237 653 ‚
1266 622 1377 658 opera
1401 610 1479 646 Cel.
1506 611 1644 647 Linnaei
1661 637 1671 653 ,
1699 611 1837 647 Genera
1867 610 1969 654 Plan*

496 670 608 695 tarum
627 687 638 703 ‚
665 659 702 694 &
731 658 889 708 Systema
920 659 1069 695 Naturae
1087 686 1097 702 ,
1124 657 1462 708 Philol'ophiamque
1490 661 1698 696 Botanicam
1728 660 1895 705 obtinui‘3
1926 665 1985 697 ex

495 708 657 744 cantone
687 709 851 745 Sinarum
884 709 974 744 mihi
1008 709 1104 744 dono
1135 709 1232 745 miffa
1261 709 1304 744 ab
1320 709 1580 746 Humaniffimo
1601 709 1691 745 Viro
1709 709 1856 745 Thoma
1873 711 1968 747 Rid-

495 758 567 794 dell
597 786 607 802 ‚
644 759 745 794 navis
786 757 952 805 Anglicae
980 756 1140 793 Dustore
1172 786 1182 803 ,
1222 759 1319 808 cujus
1353 759 1523 795 amicitiae
1555 759 1703 795 multum
1739 759 1862 794 debeo.
1898 759 1975 795 His

494 806 681 843 instructus
715 807 879 844 dostrina
899 836 908 852 ,
936 807 973 843 &
1000 808 1163 844 terminis
1184 808 1389 845 Linnaeanis
1405 809 1458 845 uti
1474 808 1592 856 caepi:
1622 807 1804 856 statimque
1832 820 1969 856 cogno-

497 858 561 900 vi,
590 867 758 904 quantum
792 857 862 894 hoc
888 857 1032 905 systema
1061 857 1138 893 aliis
1172 859 1365 907 praecellat‘
1384 887 1395 903 ,
1432 869 1671 907 quantumque
1700 856 1969 907 facilitatisstrp-

494 904 640 942 mnibus
670 905 899 944 subministret
918 934 928 951 ,
955 908 1015 956 qui
1046 907 1126 943 aliis
1154 908 1380 944 adminiculis
1415 907 1658 943 destituuntur.
1908 935 1911 939 i

636 955 890 992 Defiderantur
917 959 953 992 in
983 957 1234 994 Cochinchina
1266 957 1361 994 horti
1391 957 1556 994 Botanici
1576 985 1586 1001 ‚
1613 956 1888 1006 Principnmque
1917 956 1977 993 vii-t

495 1003 653 1050 ridaria,
681 1015 786 1053 prout
819 1005 991 1042 habentur
1026 1008 1062 1042 in
1093 1005 1239 1056 Europa
1270 1036 1280 1050 ,
1314 1006 1372 1043 ubi
1403 1006 1464 1043 has
1497 1018 1576 1042 cum
1611 1007 1680 1042 illis
1708 1007 1842 1054 plantis
1871 1009 1975 1042 coms-³

495 1066 620 1101 parare
638 1082 649 1098 ,
676 1067 716 1090 ac
745 1054 961 1092 differentias
993 1055 1231 1106 quascumque
1257 1057 1497 1093 internoscere
1523 1055 1631 1092 facile
1648 1055 1839 1102 possurnus.
1863 1054 1967 1090 Plan·-

495 1113 542 1139 tae
574 1103 905 1141 Cochinchinenses
936 1105 1114 1155 pleraeque
1143 1107 1290 1156 agrestes
1319 1105 1398 1142 sunt
1426 1134 1437 1150 ,
1477 1118 1519 1141 ex
1557 1105 1729 1142 altissimis
1756 1103 1936 1140 montibus
1955 1131 1966 1148 ‚

494 1151 535 1187 &
565 1152 675 1189 vastis.
691 1153 799 1202 sylvis
828 1167 901 1190 non
929 1154 998 1190 fine
1027 1167 1161 1203 magno
1186 1157 1307 1193 labore
1325 1184 1336 1200 ‚
1362 1156 1399 1191 δε
1434 1155 1593 1203 periculo
1611 1153 1762 1203 'sparsim
1792 1153 1977 1202 petendae.

496 1201 600 1248 Qiid
630 1203 742 1250 igitur
769 1202 952 1252 systemate
981 1204 1123 1241 Sexuali
1151 1205 1345 1242 Linnaeano
1376 1204 1516 1240 facilius
1535 1232 1545 1248 ‚
1572 1215 1609 1240 ut
1637 1208 1756 1239 earum
1790 1202 1970 1251 cognitio.-

495 1263 579 1286 nem
608 1252 645 1286 in
663 1264 834 1300 promptu
850 1253 1064 1289 habeamus?
1093 1255 1210 1291 Floris
1241 1267 1419 1303 nunquam
1445 1264 1545 1290 antea
1564 1252 1625 1289 visi
1645 1281 1656 1297 ‚
1683 1253 1870 1288 numeratis
1905 1251 1977 1289 sta:-¹

495 1298 648 1336 minibus
670 1328 683 1344 ‚
708 1301 878 1338 habemus
908 1302 1091 1339 Classem:
1121 1305 1310 1340 numeratis
1340 1303 1478 1340 Pistillis
1499 1331 1509 1347 ,
1538 1303 1745 1340 Ordinem:
1775 1302 1811 1337 in
1846 1301 1971 1349 pleris-

495 1359 562 1395 que
596 1350 704 1385 etiam
733 1363 805 1387 non
832 1352 1025 1388 observatis
1057 1352 1120 1388 fitu
1139 1380 1151 1397 ‚
1178 1352 1215 1388 &
1243 1354 1476 1401 proportione
1494 1380 1506 1396 ‚
1534 1352 1662 1400 quibus
1691 1351 1785 1387 oculi
1804 1349 1970 1399 frequen.-

494 1399 564 1432 tius
598 1397 836 1445 decipiuntur.
863 1400 1034 1446 Cognitis
1064 1401 1235 1437 Classibus
1252 1428 1264 1444 ,
1292 1402 1328 1436 &
1349 1401 1547 1437 Ordinibus
1567 1429 1577 1446 ‚
1606 1413 1686 1450 quae
1701 1400 1903 1448 ampliora,
1928 1397 1969 1435 &

491 1446 664 1494 primaria
688 1446 765 1482 sunt
789 1446 1019 1483 fundamenta
1045 1449 1228 1484 Botanicae
1247 1477 1257 1493 ,
1284 1449 1425 1484 Genera
1452 1462 1597 1497 quoque
1622 1450 1726 1485 citius
1749 1448 1971 1495 distinguun-

494 1503 552 1530 tur
581 1496 740 1542 propriis
771 1497 881 1532 notis.
906 1496 957 1531 At
986 1495 1206 1533 differentias
1238 1497 1418 1546 specificas
1457 1500 1536 1545 quis
1566 1497 1692 1532 melius
1726 1498 1878 1533 Linnaeo
1908 1497 1971 1533 de-

494 1543 703 1580 terminavit
724 1545 737 1579 ?
764 1543 1044 1581 Tournefortius
1064 1573 1076 1590 ‚
1102 1547 1164 1593 qui
1182 1547 1401 1593 caeteroquin
1429 1547 1518 1582 alios
1536 1546 1728 1582 Botanicos
1758 1546 1969 1590 antecellit,

494 1591 666 1641 plurimas
693 1592 825 1641 species
853 1594 1053 1641 proponit,
1082 1608 1160 1643 quae
1193 1595 1254 1630 vix
1284 1595 1469 1630 varietates
1499 1595 1570 1630 dici
1599 1591 1737 1631 nossent
1764 1622 1776 1639 ,
1814 1595 1969 1631 nimium

495 1641 576 1678 fisus
607 1641 735 1677 florum
763 1642 941 1678 coloribus
959 1670 970 1686 ,
1000 1643 1125 1692 quibus
1158 1643 1208 1679 nil
1240 1642 1447 1679 mutabilius
1466 1671 1476 1687 ‚
1503 1643 1540 1678 &
1568 1642 1742 1679 fallacius.

636 1690 724 1727 Non
758 1692 986 1728 diffimulabo
1009 1704 1192 1730 occurrere
1223 1692 1337 1728 adhuc
1370 1693 1406 1728 in
1436 1691 1630 1740 Systemate
1649 1693 1847 1729 Linnaeano
1865 1692 1968 1741 plan„

495 1748 548 1776 tas
577 1742 758 1778 anomalas
789 1770 801 1787 ‚
837 1741 1108 1792 aberrantesque
1140 1742 1235 1778 notis
1263 1741 1536 1791 repugnantibus
1570 1741 1779 1780 Charasteri
1808 1742 1967 1789 generali

496 1801 567 1827 non
599 1789 713 1827 solum
743 1792 883 1840 Speciei
903 1819 913 1835 ,
942 1803 981 1827 ac
1005 1792 1157 1828 Generis
1176 1819 1187 1835 ‚
1213 1790 1273 1827 sed
1301 1792 1407 1827 etiam
1427 1791 1577 1827 Ordinis
1595 1818 1607 1836 ‚
1634 1791 1671 1826 ὅ(
1689 1791 1839 1827 Claffis:
1868 1804 1967 1839 quae-

498 1854 569 1890 que
595 1842 685 1877 mihi
716 1854 787 1878 non
815 1853 938 1889 parum
957 1841 1126 1878 molestiae
1151 1841 1356 1877 attulerunt.
1381 1840 1453 1877 Hae
1466 1850 1582 1876 autem
1598 1867 1610 1885 ‚
1637 1839 1694 1876 vel
1721 1839 1882 1887 repetitis
1901 1839 1968 1876 obn

496 1890 751 1928 servationibus
782 1891 1016 1936 reducendae,
1044 1890 1068 1927 fi
1099 1891 1231 1938 corrigi
1261 1891 1392 1940 poffint
1419 1918 1429 1935 ‚
1469 1889 1525 1926 vel
1553 1902 1621 1937 pro
1641 1888 1804 1926 monstris
1836 1888 1966 1926 haben-v

494 1940 554 1978 dae
572 1969 583 1985 9
609 1941 898 1987 tolerandae-que:
928 1940 1013 1977 ficut
1043 1941 1173 1978 animal
1199 1940 1414 1989 quodlibet,
1441 1939 1465 1974 fi
1496 1939 1654 1976 nascatur
1677 1937 1797 1987 aliquit
1812 1937 1865 1975 sui
1881 1951 1966 1975 cor-2

497 1993 596 2040 poris
625 2003 725 2040 parte
758 1990 877 2026 austus
907 1991 963 2027 vel
983 1991 1151 2027 deficiens
1170 2019 1181 2036 ,
1207 1999 1246 2026 ut
1276 1988 1470 2027 monstrum
1489 1988 1658 2025 miramur
1676 2016 1687 2033 ‚
1714 1987 1774 2024 sed
1790 2000 1860 2024 non
1878 1988 1967 2025 ideo

498 2042 660 2087 cogimus
684 2053 704 2077 a
730 2042 879 2088 proprio
910 2040 1050 2077 Genere
1081 2040 1232 2077 exulare.
1277 2040 1472 2088 Qodnam
1507 2051 1595 2076 vero
1629 2037 1786 2088 Systema
1813 2038 1963 2077 Botani!

497 2097 579 2125 cum
605 2089 769 2127 habemus
789 2118 800 2135 ‚
827 2090 862 2126 in
895 2102 969 2140 quo
991 2090 1118 2127 similes
1144 2090 1378 2129 aberrationes
1406 2102 1479 2126 non
1503 2087 1649 2128 obsint?

674 2189 807 2227 Veram
836 2190 900 2226 ubi
920 2190 1035 2238 plura
1062 2190 1186 2227 nitent
1215 2189 1256 2225 in
1285 2197 1432 2238 corpore
1452 2218 1462 2235 ‚
1488 2199 1556 2224 non
1577 2197 1641 2238 ego
1660 2179 1811 2236 paucis!
1850 2205 1853 2207 >

671 2237 850 2285 Qffbndar
878 2240 1034 2276 maculis
1053 2269 1062 2286 ‚
1089 2251 1182 2289 quas
1209 2240 1274 2275 vel
1301 2239 1446 2288 injum'a
1465 2235 1581 2288 fudit
1597 2264 1611 2283 ,

609 2294 614 2298 ”
672 2290 753 2326 Aut
780 2288 897 2326 oblita
922 2299 1058 2338 parum
1086 2290 1192 2326 cavit
1218 2288 1392 2327 Natura.

502 2432 525 2449 t.
564 2387 704 2443 *Igitur
728 2388 852 2425 Celeb.
879 2389 1017 2426 Linnaei
1051 2389 1207 2439 Systema
1237 2388 1457 2443 amp1e3⁰cens
1489 2386 1672 2425 materiam
1698 2385 1853 2442 amplam
1871 2412 1884 2431 ‚
1919 2381 1961 2422 δε

502 2436 610 2476 merle
638 2437 834 2486 parabilem
865 2438 1036 2488 acquisivi
1061 2466 1074 2485 2
1111 2439 1203 2480 mihi
1230 2452 1298 2488 pro
1324 2441 1383 2479 ulu
1407 2437 1562 2479 Medico
1587 2435 1834 2477 neceffariam..
1857 2435 1964 2474 Flam

1796 2496 1937 2533 ‚tammae
