1900 2844
222 216 293 256 -6
498 211 1448 253 MonANDMAMoNot-xxmi.

292 277 409 316 craffis
427 306 438 324 ‚
466 279 632 316 tortnofis
652 308 661 325 ‚
690 277 841 316 nodofis.
881 275 1031 312 Culmus·
1069 279 1233 325 perennis
1263 305 1273 322 ,
1308 277 1578 326 fimpliciffimus
1599 305 1608 323 ,
1637 290 1710 316 ere-

293 328 370 366 stus
390 358 400 375 ,
429 328 549 378 glaber
567 357 578 374 ,
606 329 627 366 6
645 351 662 356 -
678 329 826 379 pedalis·
852 324 957 362 Folia
987 326 1308 363 ovato-lanceolata
1329 353 1339 370 ,
1366 328 1508 363 enervia
1524 355 1534 372 ,
1561 327 1678 376 glabra
1698 357 1708 373 ‚

289 378 406 415 eresta
425 407 436 424 ,
463 391 617 427 magna,
646 379 790 428 petiolis
822 373 1144 422 amplexicaulibus.
1182 375 1267 411 Flos
1284 373 1398 422 spica*
1425 375 1580 425 oblonga
1600 405 1609 421 ,
1637 390 1710 413 ere-

289 427 347 464 sta
376 442 384 464 :
417 428 669 477 pedunculis,
709 427 746 463 ὃ(
771 422 927 472 spathis
962 422 1166 470 partialibus
1192 423 1253 459 sub
1279 443 1296 450 -
1332 423 1510 472 3-floris.
1554 425 1711 461 Perian-

289 476 410 513 thium
428 477 580 515 inferum
600 506 609 521 ,
638 475 835 513 tubulosum
854 499 864 515 ,
891 470 1014 506 obtuse
1042 483 1059 518 3
1078 492 1094 497 -
1113 472 1235 508 fidum.
1262 472 1407 509 Corolla
1431 471 1553 521 supera
1573 502 1583 518 ,
1610 475 1710 511 albo-

285 523 382 564 lutea
402 556 412 572 ‚
443 541 460 576 3
479 549 496 554 -
515 529 643 575 partita
672 552 681 568 ‚
717 522 859 558 laciniis
889 519 1183 567 oblongo-ovatis
1211 549 1219 565 ‚
1257 523 1453 566 concavis,
1481 523 1678 570 patentibus
1700 552 1709 568 ,

286 575 550 625 subaequalibus.
578 570 798 608 Nefiarium
829 567 1083 618 petaliforme‚
1111 569 1366 608 subi-erundum
1387 598 1396 615 ‚
1424 573 1680 620 emarginatum
1698 600 1708 617 ‚

287 625 427 660 laciniis
457 622 601 657 corollae
629 618 844 668 suboequale.
884 617 1127 654 Filamentum
1162 632 1175 655 1
1210 648 1218 663 ,
1255 622 1388 657 lineare
1424 647 1434 664 ,
1470 621 1616 657 crassum
1636 649 1645 665 ‚
1674 622 1709 657 in

286 671 550 717 longitudinem
580 668 752 705 sulcatum
773 696 783 712 ,
810 667 946 704 corolla
965 668 1118 715 longius.
1145 668 1317 705 Anthera
1334 669 1489 716 oblonga
1507 698 1517 714 ,
1547 682 1568 706 2
1581 691 1598 696 -
1615 671 1683 706 fida
1698 699 1708 715 ,

287 717 508 766 ampiestens
535 717 661 767 stylum
692 718 896 765 longiorem
917 744 926 760 ‚
954 729 1070 753 crenae
1102 717 1205 766 ipfius
1225 734 1234 764 3
1263 718 1300 754 &
1320 719 1490 755 filamenti
1509 718 1706 755 inclusum:

275 767 416 815 stigma
435 768 691 804 craffiul'culum
704 795 714 811 ‚
743 767 1014 814 emal-ginatum.
1042 766 1200 815 Capsula
1223 781 1238 815 3
1258 790 1275 794 -
1292 781 1385 816 gona
1402 796 1411 812 ‚
1443 780 1461 816 3
1479 789 1496 793 —
1512 769 1678 804 iocularis
1698 796 1708 813 ‚

287 829 306 864 3
324 836 340 841 -
358 817 471 854 valvis
492 831 498 852 :
517 816 728 864 seminibus
752 817 873 853 multis
901 815 1137 853 subrotundis.
1165 817 1270 853 Odor
1298 819 1406 854 totius
1422 818 1554 866 plantae
1570 830 1710 853 aroma-

284 867 375 902 ticus
396 880 404 900 ;
434 865 539 915 sapor
562 867 702 902 ardens.

204 938 208 941 >
234 913 385 953 Habitat
415 926 487 951 tam
518 917 612 952 culta
632 945 640 960 ‚
669 928 777 964 quam
804 914 947 963 agrestis
978 916 1013 950 in
1044 914 1295 952 Cochinchina
1315 944 1325 960 ‚
1353 915 1389 951 ὃς
1420 914 1550 950 Chinfi.
1578 915 1710 951 Galan-

284 977 330 1014 ga
353 964 490 1001 Maior.
521 965 722 1014 Lancquas.
752 963 914 1013 Rumph.
933 963 1037 999 Amb.
1059 965 1083 1001 l.
1105 965 1125 1001 8
1143 978 1174 1000 c.
1196 979 1228 1013 9.
1250 965 1317 1002 tab.
1336 965 1393 1013 63.
1424 964 1481 1000 ubi
1517 963 1598 1001 satis
1626 977 1711 1013 pro-

290 1014 368 1063 prie
394 1014 595 1052 delineatur
613 1043 623 1059 ,
651 1014 688 1049 &
719 1013 938 1050 describitur.

233 1062 357 1100 Virtus
388 1078 395 1099 z
436 1064 586 1100 Radicis
615 1092 625 1107 ,
663 1063 700 1099 &
727 1062 912 1099 seminum.
956 1062 1179 1100 Calefaciens
1200 1092 1209 1107 ‚
1238 1064 1429 1108 Incidens,
1458 1061 1707 1108 Stomachiea‚

283 1114 555 1150 Sternutatoria.
584 1113 728 1150 Prodest
746 1114 782 1150 in
802 1112 930 1150 Colica
946 1113 1148 1161 petuitosa,
1175 1113 1361 1163 Diarrhaeci
1377 1141 1387 1158 ‚
1416 1112 1566 1150 Vomitu
1588 1141 1597 1157 ‚
1626 1113 1706 1148 Sin-

315 1163 400 1198 ultu.
464 1178 478 1190 =

233 1174 353 1248 Usiis:
383 1213 624 1248 oeconomicus
659 1214 810 1249 recentis
840 1211 969 1247 radicis
999 1211 1045 1246 ad
1075 1211 1296 1248 condiendos
1327 1211 1437 1260 pisces
1470 1239 1480 1256 ‚
1524 1211 1676 1260 salgama
1696 1240 1706 1257 ,

284 1260 321 1296 &
349 1262 510 1297 acetaria.
554 1262 725 1298 Praeterea
756 1262 800 1297 ad
857 1260 1025 1297 arandum
1060 1288 1068 1305 ,
1112 1260 1149 1296 &
1184 1261 1380 1297 acuendum
1408 1260 1570 1309 spiritum
1603 1261 1706 1306 vini,

285 1321 392 1358 quem
415 1323 456 1345 ex
482 1310 594 1359 oryza
620 1338 629 1354 ,
667 1311 725 1347 vel
755 1275 921 1346 sacciiaro
953 1309 1168 1346 fermentato
1193 1310 1389 1346 extrahunt.
1430 1309 1555 1345 Crasse
1583 1320 1708 1345 contu-

284 1359 358 1396 sam
377 1387 388 1403 ,
415 1358 452 1394 &
483 1360 610 1413 aequali
640 1372 760 1407 oryzae
787 1360 902 1394 mall‘ae
932 1361 1164 1395 commixtam
1193 1361 1227 1394 in
1257 1359 1357 1395 bolos
1376 1358 1562 1394 efformant
1581 1386 1591 1402 ,
1619 1371 1708 1406 quos

287 1409 322 1444 in
351 1409 494 1443 camino
522 1407 736 1456 iuspendunt
755 1435 765 1452 ‚
793 1418 830 1443 ut
857 1409 970 1456 longo
1000 1418 1161 1455 tempore
1192 1407 1382 1456 fuliginem
1416 1407 1600 1443 imbibant.
1636 1408 1708 1443 Bo-

286 1458 330 1494 lis
359 1456 428 1493 istis
455 1458 616 1493 contritis
648 1458 878 1506 quantitatem
901 1484 911 1500 ,
939 1469 1045 1504 quam
1079 1458 1205 1492 volunt
1238 1469 1358 1504 oryzae
1388 1455 1501 1492 00&ae
1517 1457 1707 1504 subigunt,

288 1519 328 1542 ac
360 1519 421 1555 per
453 1506 595 1542 nostem
634 1505 748 1542 sinunt
787 1504 980 1553 quiescere.
1024 1505 1195 1553 Sequenti
1233 1505 1293 1540 die
1322 1503 1573 1540 fermentatam
1608 1507 1708 1541 inve-

290 1557 392 1592 niunt
410 1583 419 1599 ‚
449 1556 485 1591 <Sc
517 1555 690 1592 alembico
718 1566 848 1602 magno
868 1581 877 1597 ‚
906 1554 965 1589 sed
993 1552 1120 1589 humili
1148 1553 1359 1597 includunt,
1388 1554 1544 1601 indeque
1576 1554 1621 1589 ad
1653 1555 1708 1601 ig-

289 1617 368 1640 nem
402 1605 552 1642 destillat
580 1604 722 1653 spiritus
750 1617 821 1639 non
849 1601 1000 1639 inferior
1026 1601 1150 1650 spiritu
1179 1603 1305 1639 vinoso
1335 1602 1462 1651 palmae
1492 1603 1611 1639 Cocos
1632 1630 1642 1646 ,
1669 1603 1705 1638 &

290 1654 327 1689 ὃ(
355 1653 495 1691 fortaffe
523 1655 703 1691 salubrior.

242 1703 392 1740 Observ.
413 1704 536 1740 Miror
553 1703 677 1739 Celeb.
708 1702 893 1738 Linnaeum
924 1700 1015 1737 hane
1043 1701 1201 1749 plantam
1230 1700 1444 1749 adscripsisse
1478 1701 1523 1736 G.
1557 1700 1707 1738 Maran-

289 1764 334 1790 tae
364 1781 372 1797 ,
411 1754 507 1801 cujus
545 1751 783 1788 charasterem
825 1750 1038 1786 ell'entialem
1076 1751 1236 1798 agnoscit
1273 1750 1442 1785 corollam
1469 1750 1703 1799 mingentem,

293 1802 470 1846 5-fidam
503 1816 510 1836 :
551 1801 706 1836 laciniis
743 1813 764 1836 2
796 1799 958 1834 alternis
979 1798 1212 1847 patentibus.
1251 1799 1413 1847 Gal-auga
1447 1799 1561 1835 nostra
1594 1800 1707 1849 (quae

290 1845 413 1887 eadem
439 1850 648 1898 Rumphii)
682 1862 745 1885 nec
773 1849 816 1885 css
837 1850 980 1897 ringens
1001 1877 1010 1893 ‚
1039 1861 1102 1884 nec
1133 1860 1154 1896 5
1172 1869 1189 1875 -
1208 1849 1278 1884 fida
1296 1876 1305 1893 ‚
1334 1862 1399 1885 nec
1422 1848 1532 1885 habet
1555 1849 1639 1884 duas
1656 1850 1707 1885 la-

290 1901 401 1935 cinias
434 1900 584 1935 alternas
612 1910 770 1949 patentes
791 1927 800 1942 ,
826 1897 885 1934 sed
914 1912 1038 1934 omnes
1055 1926 1064 1942 ‚
1092 1911 1170 1948 quae
1197 1908 1268 1934 tres
1296 1899 1373 1935 sunt
1392 1926 1402 1942 ‚
1430 1898 1705 1945 magnitudine,

290 1948 326 1984 &
358 1948 474 1986 forma
501 1947 573 1984 fere
601 1949 762 1998 aequales.
792 1947 878 1983 Non
907 1950 1036 1996 ignoro
1067 1947 1292 1996 Rumphium
1324 1947 1447 1984 dixisse
1478 1948 1603 1983 florem
1634 1948 1706 1982 Ga-

290 1999 404 2046 langae
433 2010 487 2045 4-
507 2000 689 2047 petalum:
720 1997 779 2033 sed
807 1998 937 2034 attente
961 1998 1095 2046 legenti
1128 1997 1261 2046 patebit
1293 2008 1458 2046 quartum
1477 2024 1487 2041 ‚
1516 1997 1613 2046 quod
1643 2010 1706 2033 vo-

291 2058 345 2084 cat
369 2045 534 2096 petalum
563 2048 717 2083 ereetzmz
752 2046 866 2092 insta}-
900 2047 1032 2081 vixilli
1062 2075 1072 2091 ‚
1117 2045 1314 2083 nestarium
1354 2045 1419 2095 esse
1451 2045 1675 2095 petaliforme
1695 2074 1706 2091 ,

291 2110 358 2133 non
389 2098 533 2134 corollae
563 2098 728 2134 laciniam
750 2125 759 2141 ‚
787 2096 884 2145 quod
914 2109 954 2132 ex
984 2097 1047 2133 situ
1080 2097 1275 2142 interiore,
1303 2096 1340 2132 &
1365 2094 1587 2144 inspestione
1618 2096 1706 2144 figu-

290 2158 337 2183 rae
363 2148 591 2184 confirmatur
625 2161 632 2181 :
672 2147 833 2195 quamvis
874 2147 967 2182 idem
995 2145 1207 2182 Nestarium
1243 2159 1285 2183 ex
1317 2144 1431 2181 nostra
1460 2144 1704 2182 observatione

289 2209 358 2232 non
389 2198 436 2233 ita
461 2197 505 2233 ad
534 2196 642 2232 basim
668 2194 865 2232 attenuetur
897 2224 906 2240 ,
945 2208 1051 2245 prout
1088 2197 1227 2232 videtur
1255 2197 1291 2232 in
1320 2193 1430 2243 figura
1460 2194 1702 2244 Rumphiana.

291 2246 412 2295 Iraque
440 2246 601 2282 indubius
629 2246 736 2282 assero
766 2247 923 2294 plantam
953 2245 1051 2281 istam
1070 2245 1222 2294 speciem
1247 2244 1313 2281 ess'e
1326 2245 1498 2289 Amomi,
1528 2257 1599 2280 non
1617 2243 1704 2279 Ma-

291 2306 408 2332 rantae.
435 2297 596 2332 Eandem
626 2309 706 2332 cum
737 2296 815 2331 aliis
845 2309 862 2331 a
888 2308 944 2331 me
972 2307 1076 2332 antea
1103 2297 1139 2331 in
1161 2296 1344 2344 Europam
1370 2294 1506 2330 missam
1525 2294 1703 2329 examina-

291 2346 342 2382 vit
370 2346 466 2383 Clar.
493 2347 639 2395 Bergius
673 2348 688 2393 ζ
717 2346 812 2384 Mat.
843 2345 948 2383 Med.
978 2358 1060 2395 pag.
1091 2348 1153 2394 5.)
1190 2356 1336 2394 eamque
1370 2343 1520 2383 Amomi
1550 2342 1703 2391 speciem

1569 2403 1679 2439 agno-
