1900 2844
369 137 437 175 126
588 136 1569 178 Pani-AnnumMonosxnxi.

340 199 402 252 Sp.
428 215 456 239 1.
486 198 785 238 IGNATIANA
814 198 1160 239 PHILIPPINICA.
1191 198 1218 241 ᾸΧ
1244 200 1345 240 Yasug.
1376 216 1398 235 α
1426 204 1486 243 Ηςη
1506 203 1575 241 δραι
1595 205 1652 243 gid.

338 250 467 288 Differ.
501 251 592 301 spec.
626 251 703 299 Ign.
721 250 839 300 foliis
865 251 982 287 ovatis
1003 276 1013 293 ,
1039 251 1178 286 acutis:
1207 250 1309 286 caule
1341 250 1560 288 scandente:
1581 253 1798 300 pedunculis

289 308 294 311 “
389 301 590 338 axillaribus
607 328 617 346 ,
645 300 963 350 sub-quadrifloris.
1380 334 1382 336 ,

337 349 449 395 Hab;
476 349 513 386 δε
546 361 652 387 notae.
677 349 821 386 frutex
848 359 995 397 magnus
1012 376 1021 392 ‚
1047 349 1145 385 caule
1173 348 1321 397 arboreo
1343 362 1350 384 τ
1378 351 1498 385 rantis
1524 350 1646 387 multis
1666 379 1676 395 ,
1703 354 1798 390 scan-

387 399 548 436 dentibus
568 428 578 445 ‚
605 399 814 448 longissimis
835 425 844 443 ‚
872 397 1072 434 inermibus.
1099 398 1204 434 Folia
1226 409 1332 435 ovata
1352 427 1362 444 ‚
1394 411 1495 436 acuta
1512 427 1522 444 ,
1550 401 1798 450 integerrima>

387 450 493 499 plana
514 477 524 494 ‚
551 449 669 498 glabra
688 476 697 492 ,
726 461 854 496 magna
873 476 883 492 ,
911 447 1040 484 venosa
1060 475 1069 491 ‚
1097 447 1260 497 opposita
1289 475 1297 491 ‚
1336 450 1516 497 petiolata.
1556 449 1640 485 Flos
1673 450 1768 487 albus
1789 481 1800 496 ,

379 497 602 547 pedunculis
619 497 678 534 sub
695 516 711 522 —
725 509 779 543 4-
798 498 894 533 floris
915 524 925 541 ,
951 496 1163 534 lateralibus.
1192 496 1335 533 Corolla
1355 497 1697 535 infundibuliformis
1719 514 1725 534 ι
1746 512 1802 536 tu-

388 548 436 584 bo
464 549 668 597 longiffimo
687 575 697 592 ‚
725 547 899 583 reclinato
927 561 934 582 :
970 546 1082 584 limbo
1111 557 1253 595 patente
1272 575 1282 591 ‚
1312 559 1332 594 5
1351 568 1367 573 -
1385 549 1456 584 fido
1476 576 1487 592 ,
1524 547 1659 584 obtuso.
1698 549 1804 585 Fila-

384 605 506 632 menta
536 610 558 645 5
577 625 588 642 ,
615 596 699 633 tubo
727 597 887 646 aequalia.
931 596 1061 644 Stylus
1099 597 1243 645 aequalis
1274 596 1485 633 staminibus.
1530 597 1716 645 Stigmatc
1747 611 1802 634 2-

382 647 530 695 partito.
556 641 677 682 Bacca
705 654 833 694 magna
863 674 873 691 ‚
912 645 1124 682 subrorunda
1142 673 1152 690 ‚
1179 646 1276 682 collo
1309 657 1485 683 attenuata
1503 674 1513 690 ‚
1547 659 1561 682 1
1577 648 1772 683 —loculari's
1788 675 1800 693 ‚

384 696 529 733 exsucca
547 723 558 741 ,
585 696 811 746 polysperma
843 710 850 732 2
891 697 1022 732 cortice
1053 694 1265 743 glaberrimo
1289 724 1299 741 ,
1338 697 1457 742 ligneo
1476 723 1486 739 ‚
1513 695 1686 731 albicante
1705 723 1715 739 ,
1740 710 1801 733 cu-

384 744 528 782 curbitae
553 746 745 794 lagenariae
771 755 916 781 maturae
946 744 1078 781 simili:
1109 744 1318 792 seminibus
1348 745 1628 792 trigono-ovatis
1647 772 1657 789 ‚
1683 744 1799 783 fusco-

382 794 532 829 cinerei's
552 821 563 838 ,
590 794 719 843 glabris
752 794 946 831 substantiae
971 807 1110 831 corneae
1129 822 1138 838 ,
1165 793 1300 842 saporis
1326 794 1549 830 amariffimi.'

332 841 482 879 Habitat
514 844 654 891 agrestis
673 846 709 880 in
727 843 849 880 insulis
868 842 1081 894 Philippinis
1104 857 1111 877 :
1141 843 1222 879 inde
1245 845 1280 879 in
1299 842 1582 879 Cochinchinam
1600 870 1611 887 ‚
1639 841 1676 879 &
1696 843 1801 881 alior-

384 891 459 928 sum
489 893 664 930 translata.

331 939 415 976 Lin.
439 941 525 985 Jun.
557 940 631 990 sup.
665 942 713 990 pl.
741 950 821 990 pag.
847 952 926 989 149.
971 940 1157 978 Sti-ichnos
1188 942 1348 990 Ignatii,
1377 940 1475 978 foliis
1505 942 1620 978 ovatis
1639 970 1650 987 ‚
1675 944 1798 979 acutis.

380 990 487 1036 Berg.
515 989 612 1025 Mat.
642 990 747 1026 Med.
777 1002 860 1039 pag.
885 1001 965 1038 149.

331 1036 426 1074 virt.
461 1038 655 1075 Seminum.
694 1038 839 1076 Tonica
867 1067 876 1083 ‚
916 1039 1082 1076 Incidens
1109 1067 1121 1084 ,
1157 1039 1417 1089 Diaphoretica
1447 1068 1457 1084 ‚
1490 1040 1765 1089 ‘Emmenagoga
1788 1069 1798 1085 ,

380 1086 703 1125 Anthelminthica.
732 1089 836 1126 Valet
864 1090 899 1125 in
928 1090 1117 1138 apoplexia
1144 1089 1309 1138 pir-uirosa
1327 1118 1336 1133 ,
1364 1092 1399 1126 in
1427 1090 1541 1125 colica
1560 1117 1570 1133 ‚
1596 1088 1634 1124 &
1652 1091 1801 1126 cardial-

379 1137 467 1185 gia,
495 1138 528 1172 in
552 1137 705 1174 febribus
734 1138 1044 1175 intermittentibus
1063 1166 1072 1183 ,
1102 1140 1138 1175 in
1169 1138 1403 1188 suppressione
1430 1138 1623 1182 mensium,
1651 1139 1687 1175 in
1705 1151 1801 1175 mor-

382 1186 420 1221 su
447 1187 653 1222 animalium
676 1215 686 1231 ‚
713 1198 773 1224 aut
802 1186 1017 1224 infestomm
1049 1198 1313 1224 venenatorum.
1351 1188 1581 1224 Summuntur
1611 1188 1749 1225 interne
1778 1187 1801 1224 6

381 1235 427 1270 ad
461 1246 502 1270 12
525 1248 633 1284 grana
653 1264 664 1281 ,
691 1235 782 1286 aqua
800 1264 810 1281 ,
839 1237 894 1273 vel
928 1238 1014 1273 vino
1045 1239 1197 1273 contrita
1217 1265 1227 1281 ‚
1255 1237 1352 1285 quod
1381 1236 1565 1285 plusquam
1593 1238 1725 1273 millies
1741 1250 1802 1273 ex-

380 1294 499 1331 pertus
530 1286 604 1320 sum
624 1312 634 1329 ‚
662 1286 786 1335 saepius
814 1299 895 1321 curn
924 1285 1032 1322 faelici
1060 1298 1189 1323 eventu
1208 1314 1218 1330 ,
1246 1287 1440 1334 aliquando
1459 1287 1558 1322 nullo
1578 1313 1588 1330 ,
1615 1298 1799 1334 nunquam

381 1333 488 1368 malo.
528 1334 566 1369 Si
592 1336 733 1370 incaute
762 1335 871 1370 nimia
898 1334 971 1370 dosr
1000 1334 1154 1371 sumatur
1173 1363 1183 1379 ‚
1210 1336 1424 1382 vertiginem
1454 1334 1556 1370 affert
1573 1362 1584 1379 ‚
1611 1334 1648 1370 &
1678 1346 1797 1372 motus

378 1381 629 1419 convulsivos:
660 1385 720 1432 qui
753 1395 870 1420 tamen
901 1383 1006 1420 facile
1033 1395 1197 1420 curantur
1210 1384 1351 1421 liberali
1370 1383 1486 1420 haustu
1505 1411 1515 1428 ‚
1544 1383 1712 1432 frigidae‚
1741 1386 1798 1421 cui

378 1430 500 1468 succus
530 1433 704 1468 limonum
733 1432 846 1481 potest
871 1432 968 1469 addi.
1016 1433 1103 1470 Non
1135 1433 1181 1470 est
1211 1446 1333 1471 verum
1369 1434 1467 1483 quod
1495 1434 1578 1469 Lin.
1606 1434 1689 1478 Jun.
1717 1434 1802 1471 loco

377 1483 490 1518 citato
520 1481 628 1517 refert
648 1509 657 1524 ,
684 1482 818 1517 scilicet
839 1496 846 1516 ε
875 1481 1021 1516 eandem
1049 1483 1125 1516 vim
1150 1492 1363 1519 venenatam
1381 1483 1541 1518 afliones
1559 1482 1701 1517 vitales
1717 1484 1799 1518 ani-

377 1530 530 1564 malium
547 1529 760 1576 sqffocandi
785 1542 827 1564 ac
855 1541 932 1564 nux
945 1530 1092 1567 Vomica
1110 1530 1221 1567 habet
1240 1559 1251 1576 ‚
1266 1531 1452 1577 similiter
1469 1530 1603 1566 habere
1624 1559 1634 1576 ,
1660 1531 1801 1567 eadem-

377 1590 444 1627 que
471 1578 545 1624 dost
559 1577 668 1626 feris
695 1578 853 1614 lethales
879 1579 957 1626 effe.
989 1580 1175 1629 Siquidem
1203 1581 1237 1617 in
1263 1579 1514 1617 Cochinchina
1534 1579 1718 1630 saepiffime
1737 1581 1799 1617 de-

377 1629 442 1672 di,
470 1627 508 1663 δε
538 1628 613 1664 vidi
646 1628 736 1664 alios
767 1628 851 1664 dare
881 1628 1057 1676 integrum
1076 1631 1237 1666 nucleum
1256 1657 1267 1674 ,
1296 1630 1455 1678 pondere
1474 1630 1575 1665 unius
1595 1628 1800 1675 drachmae,

377 1677 471 1726 aqua
500 1678 557 1714 vel
585 1679 673 1714 vino
702 1678 823 1714 tritum
855 1705 865 1722 ‚
905 1677 1057 1722 bufalis,
1094 1679 1221 1728 equis,
1254 1678 1362 1715 bobus
1382 1706 1392 1722 ,
1419 1677 1532 1715 suibus
1561 1678 1692 1728 absque
1725 1681 1800 1716 ullo

379 1727 539 1775 periculo
559 1754 569 1770 ‚
596 1737 656 1763 aut
685 1728 780 1764 malo
808 1729 914 1764 exitu.
944 1727 1076 1763 Verum
1103 1730 1211 1764 etiam
1244 1741 1314 1765 non
1346 1728 1392 1764 est
1412 1755 1421 1771 ,
1451 1728 1547 1776 quod
1579 1728 1639 1764 ista
1668 1729 1799 1765 semina

379 1775 556 1813 vermibus
576 1804 586 1820 ,
613 1776 651 1812 &
681 1786 841 1825 tempore
869 1789 941 1813 non
969 1788 1266 1826 corrumpantur3
1295 1777 1318 1813 fi
1349 1777 1445 1812 enim
1474 1777 1535 1813 diu
1555 1776 1768 1814 asserventur
1786 1806 1797 1823 ‚

379 1824 479 1861 exesa
496 1853 505 1870 ‚
532 1825 569 1861 δε
598 1824 778 1875 perforata
805 1826 1036 1863 inveniuntur
1053 1853 1063 1870 ,
1091 1825 1289 1875 praesertim
1320 1827 1355 1862 in
1389 1826 1492 1862 India
1513 1853 1524 1870 ‚
1551 1825 1589 1861 &
1619 1827 1708 1863 locis
1738 1826 1802 1864 hu-

381 1875 501 1910 midis.

329 1922 479 1960 Observ.
508 1924 546 1960 Si
574 1923 707 1962 frustus
737 1924 940 1961 Cucurbitae
969 1924 1176 1973 Lagenariae
1204 1938 1276 1961 non
1308 1925 1413 1962 debet
1439 1925 1512 1961 dici
1530 1925 1666 1975 drupa,
1690 1926 1800 1963 etiam

379 1973 574 2022 Ignatianae
602 1973 761 2020 frustus,
790 1975 886 2025 cujus
913 1986 1036 2012 cortex
1063 1973 1260 2013 simillimus
1280 2003 1291 2021 ,
1319 1975 1393 2012 dici
1421 1988 1492 2012 non
1521 1974 1647 2025 potest.

1580 2289 1591 2315 ⁵
1631 2320 1655 2372 χ
1679 2312 1765 2360 GE-
